date,date_key,department_id,region_id,revenue,opex,capex,headcount,profit,budget,forecast,year,quarter,month,month_name,year_month,department_name,cost_center,region_name,profit_margin,revenue_variance,forecast_accuracy
2021-01-01,20210101,1,1,970060.93,766486.72,159012.04,61,44562.18,936692.64,956712.68,2021,Q1,1,January,2021-01,Engineering,CC1001,North America,4.59,3.56,98.62
2021-01-01,20210101,1,2,728637.07,563407.85,113716.13,52,51513.09,693705.08,742332.82,2021,Q1,1,January,2021-01,Engineering,CC1001,Europe,7.07,5.04,98.12
2021-01-01,20210101,1,3,831397.99,534146.46,108837.89,42,188413.64,815122.73,832221.29,2021,Q1,1,January,2021-01,Engineering,CC1001,Asia Pacific,22.66,2.0,99.9
2021-01-01,20210101,1,4,575995.1,379146.37,90264.87,32,106583.86,564022.73,572916.1,2021,Q1,1,January,2021-01,Engineering,CC1001,Latin America,18.5,2.12,99.47
2021-01-01,20210101,2,1,1492073.34,1129552.03,65641.49,36,296879.82,1505862.28,1465004.17,2021,Q1,1,January,2021-01,Sales,CC1002,North America,19.9,-0.92,98.19
2021-01-01,20210101,2,2,1300651.95,824749.68,53718.27,32,422184.01,1361214.48,1316696.66,2021,Q1,1,January,2021-01,Sales,CC1002,Europe,32.46,-4.45,98.77
2021-01-01,20210101,2,3,1067529.6,661371.34,57309.96,26,348848.3,1027181.07,1067323.65,2021,Q1,1,January,2021-01,Sales,CC1002,Asia Pacific,32.68,3.93,99.98
2021-01-01,20210101,2,4,758799.2,593277.84,34279.21,21,131242.15,744511.85,759408.31,2021,Q1,1,January,2021-01,Sales,CC1002,Latin America,17.3,1.92,99.92
2021-01-01,20210101,3,1,766593.89,488297.99,91058.62,25,187237.28,800285.61,778700.78,2021,Q1,1,January,2021-01,Marketing,CC1003,North America,24.42,-4.21,98.42
2021-01-01,20210101,3,2,648503.1,508669.52,54175.75,18,85657.83,619010.94,643972.14,2021,Q1,1,January,2021-01,Marketing,CC1003,Europe,13.21,4.76,99.3
2021-01-01,20210101,3,3,548064.01,358581.73,62013.17,17,127469.11,536057.82,549000.01,2021,Q1,1,January,2021-01,Marketing,CC1003,Asia Pacific,23.26,2.24,99.83
2021-01-01,20210101,3,4,393494.27,299228.55,32652.95,15,61612.77,404206.95,388752.13,2021,Q1,1,January,2021-01,Marketing,CC1003,Latin America,15.66,-2.65,98.79
2021-01-01,20210101,4,1,429234.94,327545.87,55770.13,31,45918.94,440878.82,421921.55,2021,Q1,1,January,2021-01,Operations,CC1004,North America,10.7,-2.64,98.3
2021-01-01,20210101,4,2,402166.68,250619.74,55269.35,25,96277.59,395365.96,395145.79,2021,Q1,1,January,2021-01,Operations,CC1004,Europe,23.94,1.72,98.25
2021-01-01,20210101,4,3,356565.4,237129.06,46717.59,23,72718.75,370372.06,356169.11,2021,Q1,1,January,2021-01,Operations,CC1004,Asia Pacific,20.39,-3.73,99.89
2021-01-01,20210101,4,4,260448.21,193421.59,34513.99,17,32512.63,267505.5,260383.58,2021,Q1,1,January,2021-01,Operations,CC1004,Latin America,12.48,-2.64,99.98
2021-01-01,20210101,5,1,253718.6,173926.18,6166.64,16,73625.78,241830.09,255103.0,2021,Q1,1,January,2021-01,Finance,CC1005,North America,29.02,4.92,99.45
2021-01-01,20210101,5,2,198304.43,139153.02,6919.0,14,52232.41,196527.28,200331.5,2021,Q1,1,January,2021-01,Finance,CC1005,Europe,26.34,0.9,98.98
2021-01-01,20210101,5,3,173622.86,106846.81,4770.64,12,62005.41,181083.39,175762.73,2021,Q1,1,January,2021-01,Finance,CC1005,Asia Pacific,35.71,-4.12,98.77
2021-01-01,20210101,5,4,152883.11,118376.18,5143.61,9,29363.31,158884.67,153123.7,2021,Q1,1,January,2021-01,Finance,CC1005,Latin America,19.21,-3.78,99.84
2021-01-01,20210101,6,1,206431.86,160855.47,3828.08,11,41748.31,200815.57,205829.97,2021,Q1,1,January,2021-01,HR,CC1006,North America,20.22,2.8,99.71
2021-01-01,20210101,6,2,172526.2,133215.43,2770.01,10,36540.75,171101.32,170608.45,2021,Q1,1,January,2021-01,HR,CC1006,Europe,21.18,0.83,98.89
2021-01-01,20210101,6,3,125584.77,83830.73,2956.68,8,38797.37,125820.76,126604.62,2021,Q1,1,January,2021-01,HR,CC1006,Asia Pacific,30.89,-0.19,99.19
2021-01-01,20210101,6,4,105739.55,83994.89,2505.98,6,19238.68,105710.45,104897.35,2021,Q1,1,January,2021-01,HR,CC1006,Latin America,18.19,0.03,99.2
2021-01-01,20210101,7,1,353600.91,214769.2,29527.82,48,109303.89,337741.16,350470.08,2021,Q1,1,January,2021-01,Customer Support,CC1007,North America,30.91,4.7,99.11
2021-01-01,20210101,7,2,353581.13,229089.59,24268.62,39,100222.92,370752.81,349932.95,2021,Q1,1,January,2021-01,Customer Support,CC1007,Europe,28.35,-4.63,98.97
2021-01-01,20210101,7,3,298140.13,224297.95,21348.15,37,52494.03,294198.21,299717.96,2021,Q1,1,January,2021-01,Customer Support,CC1007,Asia Pacific,17.61,1.34,99.47
2021-01-01,20210101,7,4,229332.99,162173.96,15339.92,29,51819.12,225222.89,226457.32,2021,Q1,1,January,2021-01,Customer Support,CC1007,Latin America,22.6,1.82,98.75
2021-01-01,20210101,8,1,543206.5,390119.28,116357.63,27,36729.59,543863.4,537263.73,2021,Q1,1,January,2021-01,Product,CC1008,North America,6.76,-0.12,98.91
2021-01-01,20210101,8,2,547864.71,347824.67,117941.59,24,82098.46,571791.61,539921.14,2021,Q1,1,January,2021-01,Product,CC1008,Europe,14.99,-4.18,98.55
2021-01-01,20210101,8,3,449971.16,280194.66,105282.22,24,64494.28,439079.23,452850.68,2021,Q1,1,January,2021-01,Product,CC1008,Asia Pacific,14.33,2.48,99.36
2021-01-01,20210101,8,4,402473.75,286175.0,81449.44,16,34849.31,386097.2,408868.5,2021,Q1,1,January,2021-01,Product,CC1008,Latin America,8.66,4.24,98.41
2021-02-01,20210201,1,1,1180130.34,857506.65,165621.6,58,157002.09,936692.64,1190796.62,2021,Q1,2,February,2021-02,Engineering,CC1001,North America,13.3,25.99,99.1
2021-02-01,20210201,1,2,982570.7,763867.45,163885.46,51,54817.8,693705.08,966226.22,2021,Q1,2,February,2021-02,Engineering,CC1001,Europe,5.58,41.64,98.34
2021-02-01,20210201,1,3,709965.37,553567.69,111028.46,40,45369.21,815122.73,698647.71,2021,Q1,2,February,2021-02,Engineering,CC1001,Asia Pacific,6.39,-12.9,98.41
2021-02-01,20210201,1,4,644727.99,387489.46,83588.01,35,173650.52,564022.73,649676.8,2021,Q1,2,February,2021-02,Engineering,CC1001,Latin America,26.93,14.31,99.23
2021-02-01,20210201,2,1,1652400.54,1065556.87,89632.13,34,497211.54,1505862.28,1640860.16,2021,Q1,2,February,2021-02,Sales,CC1002,North America,30.09,9.73,99.3
2021-02-01,20210201,2,2,1414348.24,1032370.38,80595.88,31,301381.98,1361214.48,1418212.73,2021,Q1,2,February,2021-02,Sales,CC1002,Europe,21.31,3.9,99.73
2021-02-01,20210201,2,3,1040785.0,701013.62,47151.77,25,292619.61,1027181.07,1060477.09,2021,Q1,2,February,2021-02,Sales,CC1002,Asia Pacific,28.12,1.32,98.11
2021-02-01,20210201,2,4,892308.48,694581.23,46955.75,22,150771.5,744511.85,892402.6,2021,Q1,2,February,2021-02,Sales,CC1002,Latin America,16.9,19.85,99.99
2021-02-01,20210201,3,1,808407.68,564675.63,70986.05,25,172746.0,800285.61,801318.67,2021,Q1,2,February,2021-02,Marketing,CC1003,North America,21.37,1.01,99.12
2021-02-01,20210201,3,2,564512.45,411582.9,49160.24,21,103769.31,619010.94,574762.38,2021,Q1,2,February,2021-02,Marketing,CC1003,Europe,18.38,-8.8,98.18
2021-02-01,20210201,3,3,666391.73,449169.18,53723.34,19,163499.21,536057.82,664477.43,2021,Q1,2,February,2021-02,Marketing,CC1003,Asia Pacific,24.53,24.31,99.71
2021-02-01,20210201,3,4,525466.31,416549.75,59966.41,13,48950.14,404206.95,523051.22,2021,Q1,2,February,2021-02,Marketing,CC1003,Latin America,9.32,30.0,99.54
2021-02-01,20210201,4,1,582276.96,386273.45,60635.79,30,135367.72,440878.82,592435.48,2021,Q1,2,February,2021-02,Operations,CC1004,North America,23.25,32.07,98.26
2021-02-01,20210201,4,2,464803.81,331875.61,46789.23,25,86138.97,395365.96,473914.97,2021,Q1,2,February,2021-02,Operations,CC1004,Europe,18.53,17.56,98.04
2021-02-01,20210201,4,3,352429.06,247992.33,48675.36,23,55761.38,370372.06,355206.43,2021,Q1,2,February,2021-02,Operations,CC1004,Asia Pacific,15.82,-4.84,99.21
2021-02-01,20210201,4,4,325957.67,219010.38,35885.47,18,71061.82,267505.5,330001.03,2021,Q1,2,February,2021-02,Operations,CC1004,Latin America,21.8,21.85,98.76
2021-02-01,20210201,5,1,292397.68,228844.49,8811.73,18,54741.46,241830.09,295886.51,2021,Q1,2,February,2021-02,Finance,CC1005,North America,18.72,20.91,98.81
2021-02-01,20210201,5,2,229368.56,169822.96,7695.2,16,51850.39,196527.28,227882.2,2021,Q1,2,February,2021-02,Finance,CC1005,Europe,22.61,16.71,99.35
2021-02-01,20210201,5,3,190170.98,117677.11,5883.77,12,66610.09,181083.39,189909.29,2021,Q1,2,February,2021-02,Finance,CC1005,Asia Pacific,35.03,5.02,99.86
2021-02-01,20210201,5,4,155611.25,102284.56,4837.95,9,48488.74,158884.67,152731.49,2021,Q1,2,February,2021-02,Finance,CC1005,Latin America,31.16,-2.06,98.15
2021-02-01,20210201,6,1,216662.72,145605.61,3686.84,12,67370.27,200815.57,219002.62,2021,Q1,2,February,2021-02,HR,CC1006,North America,31.09,7.89,98.92
2021-02-01,20210201,6,2,150585.8,109111.17,2512.19,9,38962.44,171101.32,150774.66,2021,Q1,2,February,2021-02,HR,CC1006,Europe,25.87,-11.99,99.87
2021-02-01,20210201,6,3,149964.39,109096.99,3270.53,9,37596.86,125820.76,150062.16,2021,Q1,2,February,2021-02,HR,CC1006,Asia Pacific,25.07,19.19,99.93
2021-02-01,20210201,6,4,109113.76,82821.41,1982.23,6,24310.12,105710.45,107273.91,2021,Q1,2,February,2021-02,HR,CC1006,Latin America,22.28,3.22,98.31
2021-02-01,20210201,7,1,338830.12,268532.93,30749.3,50,39547.9,337741.16,337596.14,2021,Q1,2,February,2021-02,Customer Support,CC1007,North America,11.67,0.32,99.64
2021-02-01,20210201,7,2,296971.14,187474.14,21384.23,40,88112.77,370752.81,299520.29,2021,Q1,2,February,2021-02,Customer Support,CC1007,Europe,29.67,-19.9,99.14
2021-02-01,20210201,7,3,310557.25,203721.45,29364.95,38,77470.85,294198.21,311232.45,2021,Q1,2,February,2021-02,Customer Support,CC1007,Asia Pacific,24.95,5.56,99.78
2021-02-01,20210201,7,4,238192.83,162904.84,17132.59,27,58155.4,225222.89,240649.51,2021,Q1,2,February,2021-02,Customer Support,CC1007,Latin America,24.42,5.76,98.97
2021-02-01,20210201,8,1,562552.32,350590.78,92078.68,27,119882.86,543863.4,570550.93,2021,Q1,2,February,2021-02,Product,CC1008,North America,21.31,3.44,98.58
2021-02-01,20210201,8,2,582260.5,404574.84,97718.88,25,79966.78,571791.61,581642.64,2021,Q1,2,February,2021-02,Product,CC1008,Europe,13.73,1.83,99.89
2021-02-01,20210201,8,3,445443.01,305917.05,85471.77,23,54054.19,439079.23,447850.07,2021,Q1,2,February,2021-02,Product,CC1008,Asia Pacific,12.13,1.45,99.46
2021-02-01,20210201,8,4,331717.47,223883.59,69683.49,17,38150.39,386097.2,336447.63,2021,Q1,2,February,2021-02,Product,CC1008,Latin America,11.5,-14.08,98.57
2021-03-01,20210301,1,1,1128399.63,713810.8,140185.74,62,274403.08,936692.64,1107028.25,2021,Q1,3,March,2021-03,Engineering,CC1001,North America,24.32,20.47,98.11
2021-03-01,20210301,1,2,920697.65,725552.14,142273.98,49,52871.52,693705.08,925974.65,2021,Q1,3,March,2021-03,Engineering,CC1001,Europe,5.74,32.72,99.43
2021-03-01,20210301,1,3,797722.5,565683.66,140788.36,44,91250.48,815122.73,812438.59,2021,Q1,3,March,2021-03,Engineering,CC1001,Asia Pacific,11.44,-2.13,98.16
2021-03-01,20210301,1,4,704726.97,450432.04,87500.08,32,166794.85,564022.73,691146.09,2021,Q1,3,March,2021-03,Engineering,CC1001,Latin America,23.67,24.95,98.07
2021-03-01,20210301,2,1,1419104.88,1045314.58,58784.68,35,315005.62,1505862.28,1438681.45,2021,Q1,3,March,2021-03,Sales,CC1002,North America,22.2,-5.76,98.62
2021-03-01,20210301,2,2,1153840.0,880257.26,52657.91,28,220924.83,1361214.48,1162920.13,2021,Q1,3,March,2021-03,Sales,CC1002,Europe,19.15,-15.23,99.21
2021-03-01,20210301,2,3,1258634.34,976063.88,68849.09,29,213721.37,1027181.07,1247660.78,2021,Q1,3,March,2021-03,Sales,CC1002,Asia Pacific,16.98,22.53,99.13
2021-03-01,20210301,2,4,851277.97,638563.14,47787.93,23,164926.9,744511.85,848302.5,2021,Q1,3,March,2021-03,Sales,CC1002,Latin America,19.37,14.34,99.65
2021-03-01,20210301,3,1,776823.33,586721.14,72735.63,26,117366.56,800285.61,787960.26,2021,Q1,3,March,2021-03,Marketing,CC1003,North America,15.11,-2.93,98.57
2021-03-01,20210301,3,2,658859.63,494259.51,72594.28,18,92005.84,619010.94,669468.67,2021,Q1,3,March,2021-03,Marketing,CC1003,Europe,13.96,6.44,98.39
2021-03-01,20210301,3,3,606834.69,464405.43,56315.46,19,86113.8,536057.82,604145.24,2021,Q1,3,March,2021-03,Marketing,CC1003,Asia Pacific,14.19,13.2,99.56
2021-03-01,20210301,3,4,402086.14,314059.99,33635.1,13,54391.05,404206.95,409324.69,2021,Q1,3,March,2021-03,Marketing,CC1003,Latin America,13.53,-0.52,98.2
2021-03-01,20210301,4,1,611363.7,436934.04,77232.47,30,97197.19,440878.82,606306.76,2021,Q1,3,March,2021-03,Operations,CC1004,North America,15.9,38.67,99.17
2021-03-01,20210301,4,2,425731.39,312701.28,56245.07,26,56785.05,395365.96,430663.38,2021,Q1,3,March,2021-03,Operations,CC1004,Europe,13.34,7.68,98.84
2021-03-01,20210301,4,3,354383.99,247673.32,34999.96,23,71710.71,370372.06,353555.16,2021,Q1,3,March,2021-03,Operations,CC1004,Asia Pacific,20.24,-4.32,99.77
2021-03-01,20210301,4,4,350700.34,235033.41,35637.89,16,80029.04,267505.5,354368.82,2021,Q1,3,March,2021-03,Operations,CC1004,Latin America,22.82,31.1,98.95
2021-03-01,20210301,5,1,278830.13,172937.29,6973.34,19,98919.5,241830.09,274065.07,2021,Q1,3,March,2021-03,Finance,CC1005,North America,35.48,15.3,98.29
2021-03-01,20210301,5,2,246067.62,182397.24,6145.83,14,57524.55,196527.28,250857.47,2021,Q1,3,March,2021-03,Finance,CC1005,Europe,23.38,25.21,98.05
2021-03-01,20210301,5,3,194342.32,131011.68,6559.75,15,56770.88,181083.39,198120.34,2021,Q1,3,March,2021-03,Finance,CC1005,Asia Pacific,29.21,7.32,98.06
2021-03-01,20210301,5,4,169020.19,114131.21,4225.84,11,50663.14,158884.67,169415.05,2021,Q1,3,March,2021-03,Finance,CC1005,Latin America,29.97,6.38,99.77
2021-03-01,20210301,6,1,197368.76,154198.47,3333.48,12,39836.82,200815.57,193511.02,2021,Q1,3,March,2021-03,HR,CC1006,North America,20.18,-1.72,98.05
2021-03-01,20210301,6,2,166717.68,101907.96,2825.96,9,61983.76,171101.32,167712.72,2021,Q1,3,March,2021-03,HR,CC1006,Europe,37.18,-2.56,99.4
2021-03-01,20210301,6,3,162650.53,116567.36,3854.39,8,42228.77,125820.76,161256.36,2021,Q1,3,March,2021-03,HR,CC1006,Asia Pacific,25.96,29.27,99.14
2021-03-01,20210301,6,4,130837.4,84353.38,3101.6,6,43382.42,105710.45,133296.51,2021,Q1,3,March,2021-03,HR,CC1006,Latin America,33.16,23.77,98.12
2021-03-01,20210301,7,1,348561.95,271260.88,28193.93,53,49107.13,337741.16,342619.61,2021,Q1,3,March,2021-03,Customer Support,CC1007,North America,14.09,3.2,98.3
2021-03-01,20210301,7,2,342038.21,271530.62,27615.87,41,42891.71,370752.81,344716.35,2021,Q1,3,March,2021-03,Customer Support,CC1007,Europe,12.54,-7.74,99.22
2021-03-01,20210301,7,3,298808.6,216789.11,24710.89,39,57308.6,294198.21,293375.62,2021,Q1,3,March,2021-03,Customer Support,CC1007,Asia Pacific,19.18,1.57,98.18
2021-03-01,20210301,7,4,220137.16,173926.48,20360.14,28,25850.54,225222.89,221194.99,2021,Q1,3,March,2021-03,Customer Support,CC1007,Latin America,11.74,-2.26,99.52
2021-03-01,20210301,8,1,628239.9,400580.99,123823.49,29,103835.43,543863.4,630342.15,2021,Q1,3,March,2021-03,Product,CC1008,North America,16.53,15.51,99.67
2021-03-01,20210301,8,2,489932.74,389437.23,117043.39,26,-16547.88,571791.61,490640.13,2021,Q1,3,March,2021-03,Product,CC1008,Europe,-3.38,-14.32,99.86
2021-03-01,20210301,8,3,476049.15,363110.77,102245.12,21,10693.26,439079.23,483874.01,2021,Q1,3,March,2021-03,Product,CC1008,Asia Pacific,2.25,8.42,98.36
2021-03-01,20210301,8,4,430698.11,340234.27,93916.98,18,-3453.14,386097.2,429289.61,2021,Q1,3,March,2021-03,Product,CC1008,Latin America,-0.8,11.55,99.67
2021-04-01,20210401,1,1,1213913.87,938613.71,148963.16,55,126337.0,936692.64,1207915.35,2021,Q2,4,April,2021-04,Engineering,CC1001,North America,10.41,29.6,99.51
2021-04-01,20210401,1,2,978777.65,780531.35,126286.8,52,71959.5,693705.08,974114.39,2021,Q2,4,April,2021-04,Engineering,CC1001,Europe,7.35,41.09,99.52
2021-04-01,20210401,1,3,919425.0,706508.04,156577.82,46,56339.14,815122.73,916292.31,2021,Q2,4,April,2021-04,Engineering,CC1001,Asia Pacific,6.13,12.8,99.66
2021-04-01,20210401,1,4,584147.05,357074.55,100405.15,38,126667.36,564022.73,595823.39,2021,Q2,4,April,2021-04,Engineering,CC1001,Latin America,21.68,3.57,98.0
2021-04-01,20210401,2,1,1851770.15,1316768.46,102550.56,40,432451.12,1505862.28,1877668.81,2021,Q2,4,April,2021-04,Sales,CC1002,North America,23.35,22.97,98.6
2021-04-01,20210401,2,2,1241244.2,856593.58,52856.14,33,331794.49,1361214.48,1246515.75,2021,Q2,4,April,2021-04,Sales,CC1002,Europe,26.73,-8.81,99.58
2021-04-01,20210401,2,3,1110336.85,815364.91,58140.09,27,236831.85,1027181.07,1093173.6,2021,Q2,4,April,2021-04,Sales,CC1002,Asia Pacific,21.33,8.1,98.45
2021-04-01,20210401,2,4,988518.77,695978.05,54809.78,21,237730.95,744511.85,1002444.3,2021,Q2,4,April,2021-04,Sales,CC1002,Latin America,24.05,32.77,98.59
2021-04-01,20210401,3,1,818372.78,582834.94,94167.0,24,141370.84,800285.61,806392.3,2021,Q2,4,April,2021-04,Marketing,CC1003,North America,17.27,2.26,98.54
2021-04-01,20210401,3,2,576590.76,433035.49,60433.85,21,83121.42,619010.94,569970.67,2021,Q2,4,April,2021-04,Marketing,CC1003,Europe,14.42,-6.85,98.85
2021-04-01,20210401,3,3,538438.66,324629.48,50625.89,18,163183.29,536057.82,536117.86,2021,Q2,4,April,2021-04,Marketing,CC1003,Asia Pacific,30.31,0.44,99.57
2021-04-01,20210401,3,4,461247.02,360156.31,43325.03,14,57765.67,404206.95,466480.38,2021,Q2,4,April,2021-04,Marketing,CC1003,Latin America,12.52,14.11,98.87
2021-04-01,20210401,4,1,520542.62,377090.1,71519.15,33,71933.37,440878.82,513194.09,2021,Q2,4,April,2021-04,Operations,CC1004,North America,13.82,18.07,98.59
2021-04-01,20210401,4,2,504972.7,352684.68,54736.89,25,97551.14,395365.96,514668.84,2021,Q2,4,April,2021-04,Operations,CC1004,Europe,19.32,27.72,98.08
2021-04-01,20210401,4,3,402019.94,267644.91,50816.62,21,83558.41,370372.06,395199.49,2021,Q2,4,April,2021-04,Operations,CC1004,Asia Pacific,20.78,8.54,98.3
2021-04-01,20210401,4,4,278486.1,174223.46,28765.2,16,75497.44,267505.5,280055.36,2021,Q2,4,April,2021-04,Operations,CC1004,Latin America,27.11,4.1,99.44
2021-04-01,20210401,5,1,242973.27,162581.54,8446.11,18,71945.62,241830.09,244601.75,2021,Q2,4,April,2021-04,Finance,CC1005,North America,29.61,0.47,99.33
2021-04-01,20210401,5,2,201835.74,128863.6,4943.04,14,68029.09,196527.28,200048.2,2021,Q2,4,April,2021-04,Finance,CC1005,Europe,33.71,2.7,99.11
2021-04-01,20210401,5,3,181935.65,112389.02,4629.83,13,64916.8,181083.39,179798.51,2021,Q2,4,April,2021-04,Finance,CC1005,Asia Pacific,35.68,0.47,98.83
2021-04-01,20210401,5,4,150307.9,105318.26,4852.65,9,40136.99,158884.67,152108.05,2021,Q2,4,April,2021-04,Finance,CC1005,Latin America,26.7,-5.4,98.8
2021-04-01,20210401,6,1,209186.01,128932.17,4808.9,13,75444.93,200815.57,205513.35,2021,Q2,4,April,2021-04,HR,CC1006,North America,36.07,4.17,98.24
2021-04-01,20210401,6,2,156642.75,119242.77,3443.96,9,33956.02,171101.32,154821.62,2021,Q2,4,April,2021-04,HR,CC1006,Europe,21.68,-8.45,98.84
2021-04-01,20210401,6,3,145220.89,101205.11,3041.8,9,40973.98,125820.76,145003.26,2021,Q2,4,April,2021-04,HR,CC1006,Asia Pacific,28.21,15.42,99.85
2021-04-01,20210401,6,4,126240.61,76670.55,2274.79,7,47295.27,105710.45,128236.25,2021,Q2,4,April,2021-04,HR,CC1006,Latin America,37.46,19.42,98.42
2021-04-01,20210401,7,1,404323.72,285623.45,27263.35,48,91436.92,337741.16,404851.23,2021,Q2,4,April,2021-04,Customer Support,CC1007,North America,22.61,19.71,99.87
2021-04-01,20210401,7,2,309819.74,202575.22,23568.95,37,83675.58,370752.81,307614.8,2021,Q2,4,April,2021-04,Customer Support,CC1007,Europe,27.01,-16.43,99.29
2021-04-01,20210401,7,3,276025.41,183694.77,18723.46,39,73607.18,294198.21,277058.77,2021,Q2,4,April,2021-04,Customer Support,CC1007,Asia Pacific,26.67,-6.18,99.63
2021-04-01,20210401,7,4,247660.57,187685.66,19800.5,26,40174.41,225222.89,248028.16,2021,Q2,4,April,2021-04,Customer Support,CC1007,Latin America,16.22,9.96,99.85
2021-04-01,20210401,8,1,689015.04,516132.83,134036.0,28,38846.21,543863.4,683055.78,2021,Q2,4,April,2021-04,Product,CC1008,North America,5.64,26.69,99.14
2021-04-01,20210401,8,2,536614.55,391290.45,110361.36,25,34962.74,571791.61,547057.4,2021,Q2,4,April,2021-04,Product,CC1008,Europe,6.52,-6.15,98.05
2021-04-01,20210401,8,3,519622.02,336426.86,87370.6,21,95824.56,439079.23,514341.78,2021,Q2,4,April,2021-04,Product,CC1008,Asia Pacific,18.44,18.34,98.98
2021-04-01,20210401,8,4,351844.83,224235.42,64319.91,16,63289.49,386097.2,357428.82,2021,Q2,4,April,2021-04,Product,CC1008,Latin America,17.99,-8.87,98.41
2021-05-01,20210501,1,1,916305.19,645905.62,132519.55,68,137880.03,936692.64,902085.56,2021,Q2,5,May,2021-05,Engineering,CC1001,North America,15.05,-2.18,98.45
2021-05-01,20210501,1,2,846830.0,672293.33,145595.84,55,28940.83,693705.08,838629.39,2021,Q2,5,May,2021-05,Engineering,CC1001,Europe,3.42,22.07,99.03
2021-05-01,20210501,1,3,708611.6,519928.63,124547.39,47,64135.58,815122.73,710641.42,2021,Q2,5,May,2021-05,Engineering,CC1001,Asia Pacific,9.05,-13.07,99.71
2021-05-01,20210501,1,4,571155.84,430593.58,74948.57,35,65613.69,564022.73,569452.35,2021,Q2,5,May,2021-05,Engineering,CC1001,Latin America,11.49,1.26,99.7
2021-05-01,20210501,2,1,1576070.15,1022053.04,66662.62,38,487354.49,1505862.28,1562744.83,2021,Q2,5,May,2021-05,Sales,CC1002,North America,30.92,4.66,99.15
2021-05-01,20210501,2,2,1342336.37,846843.16,66610.49,31,428882.72,1361214.48,1318272.23,2021,Q2,5,May,2021-05,Sales,CC1002,Europe,31.95,-1.39,98.21
2021-05-01,20210501,2,3,1121549.29,703080.11,46283.53,30,372185.64,1027181.07,1113579.73,2021,Q2,5,May,2021-05,Sales,CC1002,Asia Pacific,33.18,9.19,99.29
2021-05-01,20210501,2,4,1002552.49,652589.62,53766.94,22,296195.93,744511.85,1006387.8,2021,Q2,5,May,2021-05,Sales,CC1002,Latin America,29.54,34.66,99.62
2021-05-01,20210501,3,1,779535.62,531930.3,73241.06,27,174364.26,800285.61,789844.8,2021,Q2,5,May,2021-05,Marketing,CC1003,North America,22.37,-2.59,98.68
2021-05-01,20210501,3,2,746605.69,466523.62,81555.25,22,198526.83,619010.94,737085.96,2021,Q2,5,May,2021-05,Marketing,CC1003,Europe,26.59,20.61,98.72
2021-05-01,20210501,3,3,512991.46,383832.59,52827.31,19,76331.56,536057.82,505599.71,2021,Q2,5,May,2021-05,Marketing,CC1003,Asia Pacific,14.88,-4.3,98.56
2021-05-01,20210501,3,4,499266.42,319693.0,43209.63,13,136363.79,404206.95,505548.68,2021,Q2,5,May,2021-05,Marketing,CC1003,Latin America,27.31,23.52,98.74
2021-05-01,20210501,4,1,550136.93,387633.68,62288.63,33,100214.62,440878.82,547770.14,2021,Q2,5,May,2021-05,Operations,CC1004,North America,18.22,24.78,99.57
2021-05-01,20210501,4,2,478287.19,328978.83,54569.38,25,94738.98,395365.96,474487.25,2021,Q2,5,May,2021-05,Operations,CC1004,Europe,19.81,20.97,99.21
2021-05-01,20210501,4,3,422322.06,295855.22,45250.21,25,81216.63,370372.06,420360.65,2021,Q2,5,May,2021-05,Operations,CC1004,Asia Pacific,19.23,14.03,99.54
2021-05-01,20210501,4,4,309755.02,242009.87,39017.8,16,28727.35,267505.5,315204.63,2021,Q2,5,May,2021-05,Operations,CC1004,Latin America,9.27,15.79,98.24
2021-05-01,20210501,5,1,272120.92,181499.52,6985.69,19,83635.71,241830.09,273427.89,2021,Q2,5,May,2021-05,Finance,CC1005,North America,30.73,12.53,99.52
2021-05-01,20210501,5,2,220592.37,171792.6,7381.72,14,41418.05,196527.28,218931.06,2021,Q2,5,May,2021-05,Finance,CC1005,Europe,18.78,12.25,99.25
2021-05-01,20210501,5,3,181728.91,136076.65,4434.62,14,41217.63,181083.39,183636.76,2021,Q2,5,May,2021-05,Finance,CC1005,Asia Pacific,22.68,0.36,98.95
2021-05-01,20210501,5,4,170159.98,113737.71,5760.78,10,50661.49,158884.67,172518.07,2021,Q2,5,May,2021-05,Finance,CC1005,Latin America,29.77,7.1,98.61
2021-05-01,20210501,6,1,174593.75,118629.03,3907.12,11,52057.6,200815.57,172702.91,2021,Q2,5,May,2021-05,HR,CC1006,North America,29.82,-13.06,98.92
2021-05-01,20210501,6,2,174721.49,129994.07,3691.72,10,41035.7,171101.32,175020.09,2021,Q2,5,May,2021-05,HR,CC1006,Europe,23.49,2.12,99.83
2021-05-01,20210501,6,3,136443.07,91299.4,2381.31,10,42762.35,125820.76,136898.19,2021,Q2,5,May,2021-05,HR,CC1006,Asia Pacific,31.34,8.44,99.67
2021-05-01,20210501,6,4,111249.49,77029.27,2623.07,6,31597.14,105710.45,111633.21,2021,Q2,5,May,2021-05,HR,CC1006,Latin America,28.4,5.24,99.66
2021-05-01,20210501,7,1,393814.49,284448.6,25432.35,53,83933.53,337741.16,400621.46,2021,Q2,5,May,2021-05,Customer Support,CC1007,North America,21.31,16.6,98.27
2021-05-01,20210501,7,2,334001.29,246937.23,31235.79,43,55828.27,370752.81,329359.19,2021,Q2,5,May,2021-05,Customer Support,CC1007,Europe,16.71,-9.91,98.61
2021-05-01,20210501,7,3,301587.86,217548.29,23394.83,39,60644.74,294198.21,306827.85,2021,Q2,5,May,2021-05,Customer Support,CC1007,Asia Pacific,20.11,2.51,98.26
2021-05-01,20210501,7,4,258597.41,178475.63,17487.29,31,62634.49,225222.89,262102.94,2021,Q2,5,May,2021-05,Customer Support,CC1007,Latin America,24.22,14.82,98.64
2021-05-01,20210501,8,1,581423.7,455934.08,133490.06,31,-8000.44,543863.4,583546.48,2021,Q2,5,May,2021-05,Product,CC1008,North America,-1.38,6.91,99.63
2021-05-01,20210501,8,2,529456.64,323472.77,98910.86,27,107073.02,571791.61,518965.61,2021,Q2,5,May,2021-05,Product,CC1008,Europe,20.22,-7.4,98.02
2021-05-01,20210501,8,3,466854.45,317290.03,94767.55,25,54796.86,439079.23,463985.09,2021,Q2,5,May,2021-05,Product,CC1008,Asia Pacific,11.74,6.33,99.39
2021-05-01,20210501,8,4,364651.65,272577.2,71536.43,17,20538.03,386097.2,363957.93,2021,Q2,5,May,2021-05,Product,CC1008,Latin America,5.63,-5.55,99.81
2021-06-01,20210601,1,1,899395.16,571365.42,134821.19,61,193208.55,936692.64,914319.58,2021,Q2,6,June,2021-06,Engineering,CC1001,North America,21.48,-3.98,98.34
2021-06-01,20210601,1,2,805323.26,576706.22,127189.42,47,101427.62,693705.08,810591.28,2021,Q2,6,June,2021-06,Engineering,CC1001,Europe,12.59,16.09,99.35
2021-06-01,20210601,1,3,682978.56,541065.22,88049.43,46,53863.9,815122.73,671650.67,2021,Q2,6,June,2021-06,Engineering,CC1001,Asia Pacific,7.89,-16.21,98.34
2021-06-01,20210601,1,4,675648.62,473250.64,105214.1,33,97183.88,564022.73,682404.04,2021,Q2,6,June,2021-06,Engineering,CC1001,Latin America,14.38,19.79,99.0
2021-06-01,20210601,2,1,1380413.18,1076185.1,60880.08,35,243348.0,1505862.28,1354823.06,2021,Q2,6,June,2021-06,Sales,CC1002,North America,17.63,-8.33,98.15
2021-06-01,20210601,2,2,1249441.31,890811.95,51619.63,33,307009.72,1361214.48,1247106.79,2021,Q2,6,June,2021-06,Sales,CC1002,Europe,24.57,-8.21,99.81
2021-06-01,20210601,2,3,1142297.57,786074.98,54847.72,28,301374.87,1027181.07,1126544.84,2021,Q2,6,June,2021-06,Sales,CC1002,Asia Pacific,26.38,11.21,98.62
2021-06-01,20210601,2,4,797838.18,616216.0,47010.47,21,134611.71,744511.85,790521.84,2021,Q2,6,June,2021-06,Sales,CC1002,Latin America,16.87,7.16,99.08
2021-06-01,20210601,3,1,788659.1,537665.84,63893.57,23,187099.68,800285.61,795472.23,2021,Q2,6,June,2021-06,Marketing,CC1003,North America,23.72,-1.45,99.14
2021-06-01,20210601,3,2,660036.63,399598.84,58663.32,19,201774.46,619010.94,664574.85,2021,Q2,6,June,2021-06,Marketing,CC1003,Europe,30.57,6.63,99.31
2021-06-01,20210601,3,3,485302.76,301286.49,54352.28,17,129663.99,536057.82,488267.89,2021,Q2,6,June,2021-06,Marketing,CC1003,Asia Pacific,26.72,-9.47,99.39
2021-06-01,20210601,3,4,406361.58,251898.78,36461.56,15,118001.24,404206.95,412143.24,2021,Q2,6,June,2021-06,Marketing,CC1003,Latin America,29.04,0.53,98.58
2021-06-01,20210601,4,1,553929.24,376359.86,70940.66,29,106628.72,440878.82,549345.98,2021,Q2,6,June,2021-06,Operations,CC1004,North America,19.25,25.64,99.17
2021-06-01,20210601,4,2,469938.31,283185.01,47042.9,24,139710.41,395365.96,461038.29,2021,Q2,6,June,2021-06,Operations,CC1004,Europe,29.73,18.86,98.11
2021-06-01,20210601,4,3,341874.78,244990.31,39735.55,25,57148.92,370372.06,346215.82,2021,Q2,6,June,2021-06,Operations,CC1004,Asia Pacific,16.72,-7.69,98.73
2021-06-01,20210601,4,4,280048.29,182559.19,31988.58,18,65500.52,267505.5,277450.16,2021,Q2,6,June,2021-06,Operations,CC1004,Latin America,23.39,4.69,99.07
2021-06-01,20210601,5,1,261385.66,178234.26,8004.82,18,75146.57,241830.09,259236.71,2021,Q2,6,June,2021-06,Finance,CC1005,North America,28.75,8.09,99.18
2021-06-01,20210601,5,2,238252.56,179337.74,6118.65,16,52796.17,196527.28,238132.78,2021,Q2,6,June,2021-06,Finance,CC1005,Europe,22.16,21.23,99.95
2021-06-01,20210601,5,3,211371.11,160635.93,6151.44,12,44583.74,181083.39,209415.31,2021,Q2,6,June,2021-06,Finance,CC1005,Asia Pacific,21.09,16.73,99.07
2021-06-01,20210601,5,4,148836.07,108158.52,4032.66,10,36644.88,158884.67,150830.06,2021,Q2,6,June,2021-06,Finance,CC1005,Latin America,24.62,-6.32,98.66
2021-06-01,20210601,6,1,216465.6,152638.13,3760.75,12,60066.72,200815.57,212295.53,2021,Q2,6,June,2021-06,HR,CC1006,North America,27.75,7.79,98.07
2021-06-01,20210601,6,2,177075.62,110415.54,3649.91,10,63010.17,171101.32,177459.36,2021,Q2,6,June,2021-06,HR,CC1006,Europe,35.58,3.49,99.78
2021-06-01,20210601,6,3,148189.15,113505.24,2615.74,8,32068.17,125820.76,146036.77,2021,Q2,6,June,2021-06,HR,CC1006,Asia Pacific,21.64,17.78,98.55
2021-06-01,20210601,6,4,123480.62,95670.07,2565.84,7,25244.71,105710.45,124295.77,2021,Q2,6,June,2021-06,HR,CC1006,Latin America,20.44,16.81,99.34
2021-06-01,20210601,7,1,341187.1,267109.37,26408.11,49,47669.62,337741.16,341445.28,2021,Q2,6,June,2021-06,Customer Support,CC1007,North America,13.97,1.02,99.92
2021-06-01,20210601,7,2,272188.28,172365.05,23848.34,38,75974.9,370752.81,273311.36,2021,Q2,6,June,2021-06,Customer Support,CC1007,Europe,27.91,-26.58,99.59
2021-06-01,20210601,7,3,261841.94,177491.95,19176.83,36,65173.16,294198.21,264136.16,2021,Q2,6,June,2021-06,Customer Support,CC1007,Asia Pacific,24.89,-11.0,99.12
2021-06-01,20210601,7,4,207079.6,147705.93,16407.66,30,42966.01,225222.89,210697.94,2021,Q2,6,June,2021-06,Customer Support,CC1007,Latin America,20.75,-8.06,98.25
2021-06-01,20210601,8,1,673956.13,433345.75,109514.27,30,131096.11,543863.4,676519.26,2021,Q2,6,June,2021-06,Product,CC1008,North America,19.45,23.92,99.62
2021-06-01,20210601,8,2,454349.57,317714.5,94389.95,25,42245.11,571791.61,459273.12,2021,Q2,6,June,2021-06,Product,CC1008,Europe,9.3,-20.54,98.92
2021-06-01,20210601,8,3,416735.3,256303.69,90954.61,23,69477.0,439079.23,419875.86,2021,Q2,6,June,2021-06,Product,CC1008,Asia Pacific,16.67,-5.09,99.25
2021-06-01,20210601,8,4,360314.71,233945.28,81261.12,19,45108.31,386097.2,363120.79,2021,Q2,6,June,2021-06,Product,CC1008,Latin America,12.52,-6.68,99.22
2021-07-01,20210701,1,1,900638.44,646699.95,127583.03,58,126355.46,936692.64,915672.39,2021,Q3,7,July,2021-07,Engineering,CC1001,North America,14.03,-3.85,98.33
2021-07-01,20210701,1,2,717826.33,567116.87,105348.44,49,45361.01,693705.08,719029.43,2021,Q3,7,July,2021-07,Engineering,CC1001,Europe,6.32,3.48,99.83
2021-07-01,20210701,1,3,806160.19,601754.23,135752.27,49,68653.69,815122.73,812360.42,2021,Q3,7,July,2021-07,Engineering,CC1001,Asia Pacific,8.52,-1.1,99.23
2021-07-01,20210701,1,4,622995.52,404905.72,93054.04,35,125035.76,564022.73,635148.12,2021,Q3,7,July,2021-07,Engineering,CC1001,Latin America,20.07,10.46,98.05
2021-07-01,20210701,2,1,1643256.47,998911.55,88919.08,41,555425.84,1505862.28,1622260.6,2021,Q3,7,July,2021-07,Sales,CC1002,North America,33.8,9.12,98.72
2021-07-01,20210701,2,2,1233031.5,965584.09,50158.39,33,217289.03,1361214.48,1223036.5,2021,Q3,7,July,2021-07,Sales,CC1002,Europe,17.62,-9.42,99.19
2021-07-01,20210701,2,3,1226026.9,973724.84,72195.0,28,180107.06,1027181.07,1243781.86,2021,Q3,7,July,2021-07,Sales,CC1002,Asia Pacific,14.69,19.36,98.55
2021-07-01,20210701,2,4,933314.23,619552.74,52805.34,20,260956.15,744511.85,936908.24,2021,Q3,7,July,2021-07,Sales,CC1002,Latin America,27.96,25.36,99.61
2021-07-01,20210701,3,1,666313.68,415855.28,55356.09,26,195102.31,800285.61,662045.94,2021,Q3,7,July,2021-07,Marketing,CC1003,North America,29.28,-16.74,99.36
2021-07-01,20210701,3,2,644941.23,395394.93,59729.05,21,189817.24,619010.94,652441.2,2021,Q3,7,July,2021-07,Marketing,CC1003,Europe,29.43,4.19,98.84
2021-07-01,20210701,3,3,514212.37,372895.64,59360.22,19,81956.51,536057.82,508719.75,2021,Q3,7,July,2021-07,Marketing,CC1003,Asia Pacific,15.94,-4.08,98.93
2021-07-01,20210701,3,4,362595.02,280655.72,29316.09,15,52623.22,404206.95,363014.72,2021,Q3,7,July,2021-07,Marketing,CC1003,Latin America,14.51,-10.29,99.88
2021-07-01,20210701,4,1,547028.33,415608.41,78717.83,30,52702.09,440878.82,552874.71,2021,Q3,7,July,2021-07,Operations,CC1004,North America,9.63,24.08,98.93
2021-07-01,20210701,4,2,390949.33,272091.01,49306.63,28,69551.69,395365.96,398519.42,2021,Q3,7,July,2021-07,Operations,CC1004,Europe,17.79,-1.12,98.06
2021-07-01,20210701,4,3,391696.34,267745.35,45524.96,24,78426.03,370372.06,387603.54,2021,Q3,7,July,2021-07,Operations,CC1004,Asia Pacific,20.02,5.76,98.96
2021-07-01,20210701,4,4,249010.78,167067.42,27338.26,17,54605.1,267505.5,246357.4,2021,Q3,7,July,2021-07,Operations,CC1004,Latin America,21.93,-6.91,98.93
2021-07-01,20210701,5,1,208479.92,125833.23,7474.56,18,75172.14,241830.09,207515.3,2021,Q3,7,July,2021-07,Finance,CC1005,North America,36.06,-13.79,99.54
2021-07-01,20210701,5,2,212254.29,136617.64,7513.7,16,68122.95,196527.28,208768.32,2021,Q3,7,July,2021-07,Finance,CC1005,Europe,32.09,8.0,98.36
2021-07-01,20210701,5,3,176778.21,137148.72,6246.77,14,33382.72,181083.39,177580.15,2021,Q3,7,July,2021-07,Finance,CC1005,Asia Pacific,18.88,-2.38,99.55
2021-07-01,20210701,5,4,126897.53,101293.89,3398.32,12,22205.32,158884.67,127657.13,2021,Q3,7,July,2021-07,Finance,CC1005,Latin America,17.5,-20.13,99.4
2021-07-01,20210701,6,1,187118.51,131457.81,3339.2,11,52321.51,200815.57,185026.42,2021,Q3,7,July,2021-07,HR,CC1006,North America,27.96,-6.82,98.88
2021-07-01,20210701,6,2,136840.95,103440.39,2572.75,9,30827.82,171101.32,139408.65,2021,Q3,7,July,2021-07,HR,CC1006,Europe,22.53,-20.02,98.12
2021-07-01,20210701,6,3,151597.13,119087.2,3632.16,8,28877.78,125820.76,150967.96,2021,Q3,7,July,2021-07,HR,CC1006,Asia Pacific,19.05,20.49,99.58
2021-07-01,20210701,6,4,113926.45,84214.9,1963.09,7,27748.46,105710.45,112670.71,2021,Q3,7,July,2021-07,HR,CC1006,Latin America,24.36,7.77,98.9
2021-07-01,20210701,7,1,332483.51,235197.13,27587.51,51,69698.86,337741.16,327050.55,2021,Q3,7,July,2021-07,Customer Support,CC1007,North America,20.96,-1.56,98.37
2021-07-01,20210701,7,2,336309.28,219650.32,22917.62,45,93741.34,370752.81,342438.87,2021,Q3,7,July,2021-07,Customer Support,CC1007,Europe,27.87,-9.29,98.18
2021-07-01,20210701,7,3,301427.66,229658.71,25611.63,38,46157.33,294198.21,296447.92,2021,Q3,7,July,2021-07,Customer Support,CC1007,Asia Pacific,15.31,2.46,98.35
2021-07-01,20210701,7,4,205662.18,138726.89,14871.87,31,52063.42,225222.89,205628.25,2021,Q3,7,July,2021-07,Customer Support,CC1007,Latin America,25.32,-8.69,99.98
2021-07-01,20210701,8,1,528260.44,340219.08,113396.76,29,74644.6,543863.4,535681.59,2021,Q3,7,July,2021-07,Product,CC1008,North America,14.13,-2.87,98.6
2021-07-01,20210701,8,2,502766.88,349984.73,104270.14,28,48512.01,571791.61,499706.22,2021,Q3,7,July,2021-07,Product,CC1008,Europe,9.65,-12.07,99.39
2021-07-01,20210701,8,3,477350.41,340420.72,86573.35,25,50356.34,439079.23,483029.46,2021,Q3,7,July,2021-07,Product,CC1008,Asia Pacific,10.55,8.72,98.81
2021-07-01,20210701,8,4,369203.9,284329.96,84689.3,19,184.65,386097.2,374180.97,2021,Q3,7,July,2021-07,Product,CC1008,Latin America,0.05,-4.38,98.65
2021-08-01,20210801,1,1,993824.67,731482.94,156146.44,67,106195.3,936692.64,980253.2,2021,Q3,8,August,2021-08,Engineering,CC1001,North America,10.69,6.1,98.63
2021-08-01,20210801,1,2,871205.45,674634.24,106073.48,56,90497.74,693705.08,858272.23,2021,Q3,8,August,2021-08,Engineering,CC1001,Europe,10.39,25.59,98.52
2021-08-01,20210801,1,3,668874.26,500787.27,86716.6,51,81370.4,815122.73,677760.5,2021,Q3,8,August,2021-08,Engineering,CC1001,Asia Pacific,12.17,-17.94,98.67
2021-08-01,20210801,1,4,548533.9,329820.91,75271.08,38,143441.91,564022.73,559091.78,2021,Q3,8,August,2021-08,Engineering,CC1001,Latin America,26.15,-2.75,98.08
2021-08-01,20210801,2,1,1463015.64,953828.73,77071.83,38,432115.09,1505862.28,1479392.37,2021,Q3,8,August,2021-08,Sales,CC1002,North America,29.54,-2.85,98.88
2021-08-01,20210801,2,2,1034522.13,778173.32,52579.93,35,203768.88,1361214.48,1027978.66,2021,Q3,8,August,2021-08,Sales,CC1002,Europe,19.7,-24.0,99.37
2021-08-01,20210801,2,3,1097517.71,863094.09,46150.83,31,188272.78,1027181.07,1105766.02,2021,Q3,8,August,2021-08,Sales,CC1002,Asia Pacific,17.15,6.85,99.25
2021-08-01,20210801,2,4,714524.88,471724.12,38701.13,20,204099.63,744511.85,716873.39,2021,Q3,8,August,2021-08,Sales,CC1002,Latin America,28.56,-4.03,99.67
2021-08-01,20210801,3,1,671146.63,486033.05,54919.72,27,130193.87,800285.61,683857.86,2021,Q3,8,August,2021-08,Marketing,CC1003,North America,19.4,-16.14,98.11
2021-08-01,20210801,3,2,668886.33,501618.17,56991.42,22,110276.74,619010.94,656166.43,2021,Q3,8,August,2021-08,Marketing,CC1003,Europe,16.49,8.06,98.1
2021-08-01,20210801,3,3,452099.68,300520.62,45004.59,20,106574.46,536057.82,455414.39,2021,Q3,8,August,2021-08,Marketing,CC1003,Asia Pacific,23.57,-15.66,99.27
2021-08-01,20210801,3,4,403819.05,264390.56,48411.84,14,91016.65,404206.95,403033.81,2021,Q3,8,August,2021-08,Marketing,CC1003,Latin America,22.54,-0.1,99.81
2021-08-01,20210801,4,1,421780.6,320115.41,54534.86,30,47130.33,440878.82,414734.86,2021,Q3,8,August,2021-08,Operations,CC1004,North America,11.17,-4.33,98.33
2021-08-01,20210801,4,2,412103.11,301207.09,44967.23,29,65928.79,395365.96,406351.11,2021,Q3,8,August,2021-08,Operations,CC1004,Europe,16.0,4.23,98.6
2021-08-01,20210801,4,3,344698.49,271871.69,40035.66,24,32791.13,370372.06,343286.53,2021,Q3,8,August,2021-08,Operations,CC1004,Asia Pacific,9.51,-6.93,99.59
2021-08-01,20210801,4,4,255117.81,203276.73,29503.87,20,22337.21,267505.5,252362.08,2021,Q3,8,August,2021-08,Operations,CC1004,Latin America,8.76,-4.63,98.92
2021-08-01,20210801,5,1,214372.18,129958.16,6821.32,18,77592.69,241830.09,217496.51,2021,Q3,8,August,2021-08,Finance,CC1005,North America,36.2,-11.35,98.54
2021-08-01,20210801,5,2,193896.08,153883.43,5085.18,17,34927.47,196527.28,196041.32,2021,Q3,8,August,2021-08,Finance,CC1005,Europe,18.01,-1.34,98.89
2021-08-01,20210801,5,3,190218.55,146269.82,6302.38,14,37646.36,181083.39,187412.79,2021,Q3,8,August,2021-08,Finance,CC1005,Asia Pacific,19.79,5.04,98.52
2021-08-01,20210801,5,4,117638.04,92248.17,3693.81,11,21696.06,158884.67,117551.09,2021,Q3,8,August,2021-08,Finance,CC1005,Latin America,18.44,-25.96,99.93
2021-08-01,20210801,6,1,155723.37,97332.89,3345.64,12,55044.83,200815.57,153857.96,2021,Q3,8,August,2021-08,HR,CC1006,North America,35.35,-22.45,98.8
2021-08-01,20210801,6,2,146230.62,89616.23,3020.51,10,53593.88,171101.32,147971.11,2021,Q3,8,August,2021-08,HR,CC1006,Europe,36.65,-14.54,98.81
2021-08-01,20210801,6,3,124434.0,85989.37,2002.51,8,36442.11,125820.76,123898.9,2021,Q3,8,August,2021-08,HR,CC1006,Asia Pacific,29.29,-1.1,99.57
2021-08-01,20210801,6,4,102002.6,73442.29,1870.04,7,26690.26,105710.45,103471.94,2021,Q3,8,August,2021-08,HR,CC1006,Latin America,26.17,-3.51,98.56
2021-08-01,20210801,7,1,381379.59,231849.72,30272.47,47,119257.4,337741.16,377444.44,2021,Q3,8,August,2021-08,Customer Support,CC1007,North America,31.27,12.92,98.97
2021-08-01,20210801,7,2,336007.51,211180.42,26868.65,43,97958.44,370752.81,338728.7,2021,Q3,8,August,2021-08,Customer Support,CC1007,Europe,29.15,-9.37,99.19
2021-08-01,20210801,7,3,268602.56,161686.43,19996.59,38,86919.54,294198.21,264174.56,2021,Q3,8,August,2021-08,Customer Support,CC1007,Asia Pacific,32.36,-8.7,98.35
2021-08-01,20210801,7,4,196043.19,118927.76,13039.72,29,64075.71,225222.89,193163.05,2021,Q3,8,August,2021-08,Customer Support,CC1007,Latin America,32.68,-12.96,98.53
2021-08-01,20210801,8,1,598282.98,441468.82,134043.47,30,22770.69,543863.4,590325.4,2021,Q3,8,August,2021-08,Product,CC1008,North America,3.81,10.01,98.67
2021-08-01,20210801,8,2,430697.17,313240.04,93253.72,24,24203.41,571791.61,438212.19,2021,Q3,8,August,2021-08,Product,CC1008,Europe,5.62,-24.68,98.26
2021-08-01,20210801,8,3,380687.85,269625.7,82504.51,25,28557.64,439079.23,383947.86,2021,Q3,8,August,2021-08,Product,CC1008,Asia Pacific,7.5,-13.3,99.14
2021-08-01,20210801,8,4,373030.75,249143.52,84001.31,17,39885.92,386097.2,378921.9,2021,Q3,8,August,2021-08,Product,CC1008,Latin America,10.69,-3.38,98.42
2021-09-01,20210901,1,1,946442.82,722570.81,139258.74,66,84613.26,936692.64,947442.36,2021,Q3,9,September,2021-09,Engineering,CC1001,North America,8.94,1.04,99.89
2021-09-01,20210901,1,2,831625.2,512552.23,102806.44,51,216266.53,693705.08,820299.95,2021,Q3,9,September,2021-09,Engineering,CC1001,Europe,26.01,19.88,98.64
2021-09-01,20210901,1,3,777896.7,500843.19,138894.95,47,138158.57,815122.73,768005.53,2021,Q3,9,September,2021-09,Engineering,CC1001,Asia Pacific,17.76,-4.57,98.73
2021-09-01,20210901,1,4,591626.61,432917.77,88679.94,38,70028.89,564022.73,596814.03,2021,Q3,9,September,2021-09,Engineering,CC1001,Latin America,11.84,4.89,99.12
2021-09-01,20210901,2,1,1285657.06,1027582.98,76491.28,40,181582.8,1505862.28,1270205.64,2021,Q3,9,September,2021-09,Sales,CC1002,North America,14.12,-14.62,98.8
2021-09-01,20210901,2,2,1229465.47,755432.37,49932.34,30,424100.75,1361214.48,1227627.32,2021,Q3,9,September,2021-09,Sales,CC1002,Europe,34.49,-9.68,99.85
2021-09-01,20210901,2,3,1165739.32,868981.51,63945.62,28,232812.2,1027181.07,1158555.34,2021,Q3,9,September,2021-09,Sales,CC1002,Asia Pacific,19.97,13.49,99.38
2021-09-01,20210901,2,4,784891.72,625974.62,32025.3,24,126891.8,744511.85,787361.79,2021,Q3,9,September,2021-09,Sales,CC1002,Latin America,16.17,5.42,99.69
2021-09-01,20210901,3,1,686952.18,511814.78,68328.91,27,106808.5,800285.61,697962.71,2021,Q3,9,September,2021-09,Marketing,CC1003,North America,15.55,-14.16,98.4
2021-09-01,20210901,3,2,569504.29,373233.5,59054.19,23,137216.61,619010.94,562913.13,2021,Q3,9,September,2021-09,Marketing,CC1003,Europe,24.09,-8.0,98.84
2021-09-01,20210901,3,3,544242.81,395290.11,59499.08,18,89453.62,536057.82,548941.26,2021,Q3,9,September,2021-09,Marketing,CC1003,Asia Pacific,16.44,1.53,99.14
2021-09-01,20210901,3,4,458335.03,291472.03,41021.78,16,125841.22,404206.95,452486.25,2021,Q3,9,September,2021-09,Marketing,CC1003,Latin America,27.46,13.39,98.72
2021-09-01,20210901,4,1,516162.57,360516.62,55676.96,34,99968.99,440878.82,515033.32,2021,Q3,9,September,2021-09,Operations,CC1004,North America,19.37,17.08,99.78
2021-09-01,20210901,4,2,390528.3,262375.14,48605.79,25,79547.37,395365.96,388826.87,2021,Q3,9,September,2021-09,Operations,CC1004,Europe,20.37,-1.22,99.56
2021-09-01,20210901,4,3,399197.03,260127.44,50906.95,23,88162.65,370372.06,403563.81,2021,Q3,9,September,2021-09,Operations,CC1004,Asia Pacific,22.08,7.78,98.91
2021-09-01,20210901,4,4,242021.57,192156.47,28505.76,17,21359.35,267505.5,237892.65,2021,Q3,9,September,2021-09,Operations,CC1004,Latin America,8.83,-9.53,98.29
2021-09-01,20210901,5,1,210168.34,147949.01,5893.97,20,56325.36,241830.09,209587.33,2021,Q3,9,September,2021-09,Finance,CC1005,North America,26.8,-13.09,99.72
2021-09-01,20210901,5,2,179745.02,130032.76,5838.36,15,43873.9,196527.28,177355.26,2021,Q3,9,September,2021-09,Finance,CC1005,Europe,24.41,-8.54,98.67
2021-09-01,20210901,5,3,150640.81,112570.93,4815.33,14,33254.55,181083.39,152714.65,2021,Q3,9,September,2021-09,Finance,CC1005,Asia Pacific,22.08,-16.81,98.62
2021-09-01,20210901,5,4,148558.68,106527.1,5113.28,10,36918.3,158884.67,146252.57,2021,Q3,9,September,2021-09,Finance,CC1005,Latin America,24.85,-6.5,98.45
2021-09-01,20210901,6,1,162874.62,99584.37,3298.11,14,59992.14,200815.57,159873.45,2021,Q3,9,September,2021-09,HR,CC1006,North America,36.83,-18.89,98.16
2021-09-01,20210901,6,2,129271.09,89253.9,3034.12,10,36983.06,171101.32,129308.5,2021,Q3,9,September,2021-09,HR,CC1006,Europe,28.61,-24.45,99.97
2021-09-01,20210901,6,3,113173.56,71261.84,2704.06,10,39207.66,125820.76,110932.45,2021,Q3,9,September,2021-09,HR,CC1006,Asia Pacific,34.64,-10.05,98.02
2021-09-01,20210901,6,4,115893.57,84350.12,2658.99,7,28884.46,105710.45,115965.87,2021,Q3,9,September,2021-09,HR,CC1006,Latin America,24.92,9.63,99.94
2021-09-01,20210901,7,1,348749.16,255763.16,23878.45,46,69107.54,337741.16,346069.79,2021,Q3,9,September,2021-09,Customer Support,CC1007,North America,19.82,3.26,99.23
2021-09-01,20210901,7,2,309505.47,198198.23,26478.14,47,84829.1,370752.81,304477.88,2021,Q3,9,September,2021-09,Customer Support,CC1007,Europe,27.41,-16.52,98.38
2021-09-01,20210901,7,3,276029.31,190115.2,25334.12,36,60579.99,294198.21,278156.13,2021,Q3,9,September,2021-09,Customer Support,CC1007,Asia Pacific,21.95,-6.18,99.23
2021-09-01,20210901,7,4,224824.83,177369.44,19304.34,30,28151.04,225222.89,225884.63,2021,Q3,9,September,2021-09,Customer Support,CC1007,Latin America,12.52,-0.18,99.53
2021-09-01,20210901,8,1,647743.62,462567.93,105213.62,35,79962.06,543863.4,652654.21,2021,Q3,9,September,2021-09,Product,CC1008,North America,12.34,19.1,99.24
2021-09-01,20210901,8,2,511735.65,329115.12,108851.72,26,73768.81,571791.61,514831.3,2021,Q3,9,September,2021-09,Product,CC1008,Europe,14.42,-10.5,99.4
2021-09-01,20210901,8,3,385777.14,282222.62,92568.42,22,10986.1,439079.23,393140.45,2021,Q3,9,September,2021-09,Product,CC1008,Asia Pacific,2.85,-12.14,98.09
2021-09-01,20210901,8,4,330699.03,256010.88,73610.57,19,1077.57,386097.2,333853.22,2021,Q3,9,September,2021-09,Product,CC1008,Latin America,0.33,-14.35,99.05
2021-10-01,20211001,1,1,1064312.28,724613.67,148601.4,67,191097.21,936692.64,1077418.05,2021,Q4,10,October,2021-10,Engineering,CC1001,North America,17.95,13.62,98.77
2021-10-01,20211001,1,2,859154.25,652581.55,125552.5,57,81020.2,693705.08,846102.29,2021,Q4,10,October,2021-10,Engineering,CC1001,Europe,9.43,23.85,98.48
2021-10-01,20211001,1,3,726401.72,436677.65,101314.99,47,188409.08,815122.73,723384.91,2021,Q4,10,October,2021-10,Engineering,CC1001,Asia Pacific,25.94,-10.88,99.58
2021-10-01,20211001,1,4,590231.92,400007.03,86717.83,36,103507.06,564022.73,587239.48,2021,Q4,10,October,2021-10,Engineering,CC1001,Latin America,17.54,4.65,99.49
2021-10-01,20211001,2,1,1316367.16,809090.84,68541.88,40,438734.44,1505862.28,1322658.88,2021,Q4,10,October,2021-10,Sales,CC1002,North America,33.33,-12.58,99.52
2021-10-01,20211001,2,2,1181639.52,798737.69,67668.56,32,315233.27,1361214.48,1180655.54,2021,Q4,10,October,2021-10,Sales,CC1002,Europe,26.68,-13.19,99.92
2021-10-01,20211001,2,3,922235.27,616283.32,43902.01,28,262049.94,1027181.07,925192.78,2021,Q4,10,October,2021-10,Sales,CC1002,Asia Pacific,28.41,-10.22,99.68
2021-10-01,20211001,2,4,844737.32,609546.42,46712.0,24,188478.9,744511.85,852107.59,2021,Q4,10,October,2021-10,Sales,CC1002,Latin America,22.31,13.46,99.13
2021-10-01,20211001,3,1,814794.83,491848.06,71564.34,23,251382.43,800285.61,819601.3,2021,Q4,10,October,2021-10,Marketing,CC1003,North America,30.85,1.81,99.41
2021-10-01,20211001,3,2,668692.43,433778.41,78291.43,19,156622.58,619010.94,680312.59,2021,Q4,10,October,2021-10,Marketing,CC1003,Europe,23.42,8.03,98.26
2021-10-01,20211001,3,3,513694.31,318636.44,51079.13,18,143978.74,536057.82,509273.92,2021,Q4,10,October,2021-10,Marketing,CC1003,Asia Pacific,28.03,-4.17,99.14
2021-10-01,20211001,3,4,393978.65,299662.2,40015.01,14,54301.44,404206.95,395717.42,2021,Q4,10,October,2021-10,Marketing,CC1003,Latin America,13.78,-2.53,99.56
2021-10-01,20211001,4,1,508878.4,333073.53,58953.74,30,116851.12,440878.82,502388.15,2021,Q4,10,October,2021-10,Operations,CC1004,North America,22.96,15.42,98.72
2021-10-01,20211001,4,2,419879.87,267164.39,50892.73,28,101822.75,395365.96,413277.3,2021,Q4,10,October,2021-10,Operations,CC1004,Europe,24.25,6.2,98.43
2021-10-01,20211001,4,3,365654.92,238155.64,52003.62,24,75495.66,370372.06,370130.43,2021,Q4,10,October,2021-10,Operations,CC1004,Asia Pacific,20.65,-1.27,98.78
2021-10-01,20211001,4,4,282969.38,172238.51,35764.86,20,74966.01,267505.5,284119.51,2021,Q4,10,October,2021-10,Operations,CC1004,Latin America,26.49,5.78,99.59
2021-10-01,20211001,5,1,261825.33,203396.73,7000.41,18,51428.19,241830.09,262987.63,2021,Q4,10,October,2021-10,Finance,CC1005,North America,19.64,8.27,99.56
2021-10-01,20211001,5,2,193805.83,148837.5,6744.5,15,38223.83,196527.28,191765.98,2021,Q4,10,October,2021-10,Finance,CC1005,Europe,19.72,-1.38,98.95
2021-10-01,20211001,5,3,194290.36,127252.65,6580.88,14,60456.83,181083.39,195592.49,2021,Q4,10,October,2021-10,Finance,CC1005,Asia Pacific,31.12,7.29,99.33
2021-10-01,20211001,5,4,122471.63,88763.99,3603.26,11,30104.37,158884.67,120845.27,2021,Q4,10,October,2021-10,Finance,CC1005,Latin America,24.58,-22.92,98.67
2021-10-01,20211001,6,1,191943.52,148287.78,3403.91,12,40251.84,200815.57,188286.14,2021,Q4,10,October,2021-10,HR,CC1006,North America,20.97,-4.42,98.09
2021-10-01,20211001,6,2,155701.11,112325.71,3172.19,10,40203.21,171101.32,155021.67,2021,Q4,10,October,2021-10,HR,CC1006,Europe,25.82,-9.0,99.56
2021-10-01,20211001,6,3,138215.9,96661.76,3303.68,9,38250.47,125820.76,139294.79,2021,Q4,10,October,2021-10,HR,CC1006,Asia Pacific,27.67,9.85,99.22
2021-10-01,20211001,6,4,101537.63,69618.25,2207.51,7,29711.87,105710.45,103532.87,2021,Q4,10,October,2021-10,HR,CC1006,Latin America,29.26,-3.95,98.03
2021-10-01,20211001,7,1,318460.2,197707.08,27762.99,53,92990.13,337741.16,315583.37,2021,Q4,10,October,2021-10,Customer Support,CC1007,North America,29.2,-5.71,99.1
2021-10-01,20211001,7,2,260995.14,161068.36,24171.83,40,75754.95,370752.81,259151.17,2021,Q4,10,October,2021-10,Customer Support,CC1007,Europe,29.03,-29.6,99.29
2021-10-01,20211001,7,3,246769.39,165582.08,16341.45,39,64845.86,294198.21,242501.39,2021,Q4,10,October,2021-10,Customer Support,CC1007,Asia Pacific,26.28,-16.12,98.27
2021-10-01,20211001,7,4,227915.94,147402.91,18525.09,32,61987.94,225222.89,229291.44,2021,Q4,10,October,2021-10,Customer Support,CC1007,Latin America,27.2,1.2,99.4
2021-10-01,20211001,8,1,603268.26,401093.01,112594.08,33,89581.17,543863.4,615192.2,2021,Q4,10,October,2021-10,Product,CC1008,North America,14.85,10.92,98.02
2021-10-01,20211001,8,2,521970.76,371411.78,114025.58,27,36533.4,571791.61,512787.05,2021,Q4,10,October,2021-10,Product,CC1008,Europe,7.0,-8.71,98.24
2021-10-01,20211001,8,3,456394.55,361247.72,79423.71,25,15723.12,439079.23,450934.86,2021,Q4,10,October,2021-10,Product,CC1008,Asia Pacific,3.45,3.94,98.8
2021-10-01,20211001,8,4,352206.5,218133.91,69042.93,20,65029.66,386097.2,350059.05,2021,Q4,10,October,2021-10,Product,CC1008,Latin America,18.46,-8.78,99.39
2021-11-01,20211101,1,1,1052831.83,799194.11,184909.56,62,68728.17,936692.64,1048591.7,2021,Q4,11,November,2021-11,Engineering,CC1001,North America,6.53,12.4,99.6
2021-11-01,20211101,1,2,748825.94,597935.04,131508.85,55,19382.04,693705.08,759070.87,2021,Q4,11,November,2021-11,Engineering,CC1001,Europe,2.59,7.95,98.63
2021-11-01,20211101,1,3,757130.63,548705.55,94904.41,52,113520.68,815122.73,745855.85,2021,Q4,11,November,2021-11,Engineering,CC1001,Asia Pacific,14.99,-7.11,98.51
2021-11-01,20211101,1,4,642444.43,485948.58,104413.08,34,52082.78,564022.73,637385.27,2021,Q4,11,November,2021-11,Engineering,CC1001,Latin America,8.11,13.9,99.21
2021-11-01,20211101,2,1,1397859.54,939399.75,58364.63,43,400095.17,1505862.28,1400867.86,2021,Q4,11,November,2021-11,Sales,CC1002,North America,28.62,-7.17,99.78
2021-11-01,20211101,2,2,1180838.25,802257.14,57795.01,33,320786.1,1361214.48,1181578.84,2021,Q4,11,November,2021-11,Sales,CC1002,Europe,27.17,-13.25,99.94
2021-11-01,20211101,2,3,1270597.73,888646.78,76036.58,31,305914.37,1027181.07,1255783.1,2021,Q4,11,November,2021-11,Sales,CC1002,Asia Pacific,24.08,23.7,98.83
2021-11-01,20211101,2,4,991192.94,617784.08,55852.73,22,317556.14,744511.85,1006178.76,2021,Q4,11,November,2021-11,Sales,CC1002,Latin America,32.04,33.13,98.49
2021-11-01,20211101,3,1,835477.76,635953.2,93240.33,25,106284.22,800285.61,821472.45,2021,Q4,11,November,2021-11,Marketing,CC1003,North America,12.72,4.4,98.32
2021-11-01,20211101,3,2,608750.57,386376.97,65622.12,21,156751.48,619010.94,620331.69,2021,Q4,11,November,2021-11,Marketing,CC1003,Europe,25.75,-1.66,98.1
2021-11-01,20211101,3,3,588165.16,449649.98,50171.07,21,88344.11,536057.82,598111.21,2021,Q4,11,November,2021-11,Marketing,CC1003,Asia Pacific,15.02,9.72,98.31
2021-11-01,20211101,3,4,437196.44,315328.19,48350.6,14,73517.65,404206.95,437241.32,2021,Q4,11,November,2021-11,Marketing,CC1003,Latin America,16.82,8.16,99.99
2021-11-01,20211101,4,1,486350.81,306048.31,55269.71,30,125032.79,440878.82,477125.94,2021,Q4,11,November,2021-11,Operations,CC1004,North America,25.71,10.31,98.1
2021-11-01,20211101,4,2,372249.85,295053.8,45554.98,30,31641.07,395365.96,371244.75,2021,Q4,11,November,2021-11,Operations,CC1004,Europe,8.5,-5.85,99.73
2021-11-01,20211101,4,3,354961.57,248909.12,41564.78,22,64487.67,370372.06,356961.09,2021,Q4,11,November,2021-11,Operations,CC1004,Asia Pacific,18.17,-4.16,99.44
2021-11-01,20211101,4,4,267673.83,193773.8,34050.7,17,39849.34,267505.5,262977.22,2021,Q4,11,November,2021-11,Operations,CC1004,Latin America,14.89,0.06,98.25
2021-11-01,20211101,5,1,271924.5,188160.9,6715.98,21,77047.62,241830.09,267114.49,2021,Q4,11,November,2021-11,Finance,CC1005,North America,28.33,12.44,98.23
2021-11-01,20211101,5,2,221228.71,176260.83,5944.45,15,39023.43,196527.28,217878.29,2021,Q4,11,November,2021-11,Finance,CC1005,Europe,17.64,12.57,98.49
2021-11-01,20211101,5,3,176998.82,109776.29,5718.11,13,61504.42,181083.39,177065.52,2021,Q4,11,November,2021-11,Finance,CC1005,Asia Pacific,34.75,-2.26,99.96
2021-11-01,20211101,5,4,168100.02,128225.7,5275.42,11,34598.9,158884.67,168933.1,2021,Q4,11,November,2021-11,Finance,CC1005,Latin America,20.58,5.8,99.5
2021-11-01,20211101,6,1,189625.95,129934.86,3232.3,14,56458.78,200815.57,189245.06,2021,Q4,11,November,2021-11,HR,CC1006,North America,29.77,-5.57,99.8
2021-11-01,20211101,6,2,142389.62,95906.8,2749.98,11,43732.85,171101.32,143720.19,2021,Q4,11,November,2021-11,HR,CC1006,Europe,30.71,-16.78,99.07
2021-11-01,20211101,6,3,152472.66,91819.99,2947.18,9,57705.49,125820.76,149540.26,2021,Q4,11,November,2021-11,HR,CC1006,Asia Pacific,37.85,21.18,98.08
2021-11-01,20211101,6,4,101818.65,76573.53,1740.78,7,23504.34,105710.45,100658.74,2021,Q4,11,November,2021-11,HR,CC1006,Latin America,23.08,-3.68,98.86
2021-11-01,20211101,7,1,321137.95,208174.56,30581.31,55,82382.08,337741.16,327041.45,2021,Q4,11,November,2021-11,Customer Support,CC1007,North America,25.65,-4.92,98.16
2021-11-01,20211101,7,2,312357.67,194269.99,25467.99,43,92619.69,370752.81,316660.18,2021,Q4,11,November,2021-11,Customer Support,CC1007,Europe,29.65,-15.75,98.62
2021-11-01,20211101,7,3,248129.7,173107.25,17071.71,38,57950.74,294198.21,250485.51,2021,Q4,11,November,2021-11,Customer Support,CC1007,Asia Pacific,23.36,-15.66,99.05
2021-11-01,20211101,7,4,217871.15,147101.73,16693.99,30,54075.42,225222.89,220355.03,2021,Q4,11,November,2021-11,Customer Support,CC1007,Latin America,24.82,-3.26,98.86
2021-11-01,20211101,8,1,700751.13,554341.05,156234.06,31,-9823.98,543863.4,706024.55,2021,Q4,11,November,2021-11,Product,CC1008,North America,-1.4,28.85,99.25
2021-11-01,20211101,8,2,512719.29,333746.48,116525.57,24,62447.24,571791.61,520958.93,2021,Q4,11,November,2021-11,Product,CC1008,Europe,12.18,-10.33,98.39
2021-11-01,20211101,8,3,464815.43,338125.48,98888.7,26,27801.26,439079.23,467356.48,2021,Q4,11,November,2021-11,Product,CC1008,Asia Pacific,5.98,5.86,99.45
2021-11-01,20211101,8,4,378251.36,231993.06,76207.3,17,70051.0,386097.2,381843.75,2021,Q4,11,November,2021-11,Product,CC1008,Latin America,18.52,-2.03,99.05
2021-12-01,20211201,1,1,1069507.1,787205.95,131015.02,61,151286.13,936692.64,1078761.48,2021,Q4,12,December,2021-12,Engineering,CC1001,North America,14.15,14.18,99.13
2021-12-01,20211201,1,2,774003.27,475432.55,93442.71,60,205128.01,693705.08,781356.56,2021,Q4,12,December,2021-12,Engineering,CC1001,Europe,26.5,11.58,99.05
2021-12-01,20211201,1,3,764015.56,503720.89,107712.59,52,152582.07,815122.73,768947.14,2021,Q4,12,December,2021-12,Engineering,CC1001,Asia Pacific,19.97,-6.27,99.35
2021-12-01,20211201,1,4,562895.27,357338.23,70870.62,40,134686.42,564022.73,568847.83,2021,Q4,12,December,2021-12,Engineering,CC1001,Latin America,23.93,-0.2,98.94
2021-12-01,20211201,2,1,1485735.06,897664.77,61871.11,43,526199.18,1505862.28,1473578.47,2021,Q4,12,December,2021-12,Sales,CC1002,North America,35.42,-1.34,99.18
2021-12-01,20211201,2,2,1439581.57,1043599.77,68579.93,31,327401.87,1361214.48,1417779.76,2021,Q4,12,December,2021-12,Sales,CC1002,Europe,22.74,5.76,98.49
2021-12-01,20211201,2,3,1240163.26,936232.43,65577.46,30,238353.38,1027181.07,1217441.05,2021,Q4,12,December,2021-12,Sales,CC1002,Asia Pacific,19.22,20.73,98.17
2021-12-01,20211201,2,4,1063445.68,807945.24,48765.83,25,206734.61,744511.85,1067779.5,2021,Q4,12,December,2021-12,Sales,CC1002,Latin America,19.44,42.84,99.59
2021-12-01,20211201,3,1,818961.66,613905.64,92109.27,27,112946.75,800285.61,806778.64,2021,Q4,12,December,2021-12,Marketing,CC1003,North America,13.79,2.33,98.51
2021-12-01,20211201,3,2,633685.85,497834.2,56388.3,21,79463.35,619010.94,631964.17,2021,Q4,12,December,2021-12,Marketing,CC1003,Europe,12.54,2.37,99.73
2021-12-01,20211201,3,3,588503.81,425245.74,69280.45,18,93977.61,536057.82,579593.89,2021,Q4,12,December,2021-12,Marketing,CC1003,Asia Pacific,15.97,9.78,98.49
2021-12-01,20211201,3,4,423888.22,329524.34,44861.12,14,49502.76,404206.95,429245.27,2021,Q4,12,December,2021-12,Marketing,CC1003,Latin America,11.68,4.87,98.74
2021-12-01,20211201,4,1,590561.38,454320.56,82742.65,31,53498.16,440878.82,596586.1,2021,Q4,12,December,2021-12,Operations,CC1004,North America,9.06,33.95,98.98
2021-12-01,20211201,4,2,438743.86,337130.66,57461.21,29,44152.0,395365.96,441484.46,2021,Q4,12,December,2021-12,Operations,CC1004,Europe,10.06,10.97,99.38
2021-12-01,20211201,4,3,360930.16,255901.43,51708.35,27,53320.38,370372.06,354334.87,2021,Q4,12,December,2021-12,Operations,CC1004,Asia Pacific,14.77,-2.55,98.17
2021-12-01,20211201,4,4,279547.33,175093.29,36577.94,20,67876.11,267505.5,276343.85,2021,Q4,12,December,2021-12,Operations,CC1004,Latin America,24.28,4.5,98.85
2021-12-01,20211201,5,1,266867.75,204991.95,8751.56,20,53124.24,241830.09,267832.18,2021,Q4,12,December,2021-12,Finance,CC1005,North America,19.91,10.35,99.64
2021-12-01,20211201,5,2,222556.81,146778.37,6850.36,17,68928.08,196527.28,225880.23,2021,Q4,12,December,2021-12,Finance,CC1005,Europe,30.97,13.24,98.51
2021-12-01,20211201,5,3,207969.3,156439.57,5390.74,14,46139.0,181083.39,203887.55,2021,Q4,12,December,2021-12,Finance,CC1005,Asia Pacific,22.19,14.85,98.04
2021-12-01,20211201,5,4,143590.17,107016.65,5155.13,10,31418.38,158884.67,143024.39,2021,Q4,12,December,2021-12,Finance,CC1005,Latin America,21.88,-9.63,99.61
2021-12-01,20211201,6,1,217786.25,139558.98,4451.7,13,73775.57,200815.57,218796.66,2021,Q4,12,December,2021-12,HR,CC1006,North America,33.88,8.45,99.54
2021-12-01,20211201,6,2,150916.84,101276.8,3360.97,11,46279.06,171101.32,147930.07,2021,Q4,12,December,2021-12,HR,CC1006,Europe,30.67,-11.8,98.02
2021-12-01,20211201,6,3,161582.84,98090.85,3549.31,9,59942.69,125820.76,164543.51,2021,Q4,12,December,2021-12,HR,CC1006,Asia Pacific,37.1,28.42,98.17
2021-12-01,20211201,6,4,111932.55,74478.39,1924.24,7,35529.92,105710.45,113618.93,2021,Q4,12,December,2021-12,HR,CC1006,Latin America,31.74,5.89,98.49
2021-12-01,20211201,7,1,459100.56,309278.56,35973.07,55,113848.93,337741.16,466192.67,2021,Q4,12,December,2021-12,Customer Support,CC1007,North America,24.8,35.93,98.46
2021-12-01,20211201,7,2,342295.13,232180.55,26426.52,46,83688.07,370752.81,335493.29,2021,Q4,12,December,2021-12,Customer Support,CC1007,Europe,24.45,-7.68,98.01
2021-12-01,20211201,7,3,310452.28,208344.09,27758.88,36,74349.31,294198.21,311547.58,2021,Q4,12,December,2021-12,Customer Support,CC1007,Asia Pacific,23.95,5.52,99.65
2021-12-01,20211201,7,4,231769.43,168835.95,15314.24,31,47619.25,225222.89,232339.44,2021,Q4,12,December,2021-12,Customer Support,CC1007,Latin America,20.55,2.91,99.75
2021-12-01,20211201,8,1,678119.89,488719.33,145197.29,35,44203.27,543863.4,671876.32,2021,Q4,12,December,2021-12,Product,CC1008,North America,6.52,24.69,99.08
2021-12-01,20211201,8,2,609120.73,426172.01,101214.34,25,81734.38,571791.61,605081.97,2021,Q4,12,December,2021-12,Product,CC1008,Europe,13.42,6.53,99.34
2021-12-01,20211201,8,3,542191.81,402054.85,120957.14,25,19179.83,439079.23,540894.87,2021,Q4,12,December,2021-12,Product,CC1008,Asia Pacific,3.54,23.48,99.76
2021-12-01,20211201,8,4,347410.59,231249.88,67648.33,17,48512.38,386097.2,343528.1,2021,Q4,12,December,2021-12,Product,CC1008,Latin America,13.96,-10.02,98.88
2022-01-01,20220101,1,1,1162227.73,868338.25,209085.76,73,84803.72,1178797.05,1158566.62,2022,Q1,1,January,2022-01,Engineering,CC1001,North America,7.3,-1.41,99.68
2022-01-01,20220101,1,2,979234.7,741408.28,124460.9,54,113365.52,1012509.32,974684.51,2022,Q1,1,January,2022-01,Engineering,CC1001,Europe,11.58,-3.29,99.54
2022-01-01,20220101,1,3,864976.71,620667.39,113371.26,49,130938.06,850662.32,848583.55,2022,Q1,1,January,2022-01,Engineering,CC1001,Asia Pacific,15.14,1.68,98.1
2022-01-01,20220101,1,4,564555.52,432641.14,76996.48,39,54917.9,553192.46,574507.03,2022,Q1,1,January,2022-01,Engineering,CC1001,Latin America,9.73,2.05,98.24
2022-01-01,20220101,2,1,1571155.05,1077704.52,90270.09,43,403180.43,1521836.72,1590175.03,2022,Q1,1,January,2022-01,Sales,CC1002,North America,25.66,3.24,98.79
2022-01-01,20220101,2,2,1393498.0,970702.03,59460.0,30,363335.97,1425261.3,1393300.75,2022,Q1,1,January,2022-01,Sales,CC1002,Europe,26.07,-2.23,99.99
2022-01-01,20220101,2,3,1246018.6,929407.33,68917.61,28,247693.67,1259752.86,1227844.38,2022,Q1,1,January,2022-01,Sales,CC1002,Asia Pacific,19.88,-1.09,98.54
2022-01-01,20220101,2,4,1062335.51,776982.66,62818.33,21,222534.51,1015279.86,1053079.89,2022,Q1,1,January,2022-01,Sales,CC1002,Latin America,20.95,4.63,99.13
2022-01-01,20220101,3,1,786189.43,510548.08,91394.67,25,184246.68,768260.36,794346.88,2022,Q1,1,January,2022-01,Marketing,CC1003,North America,23.44,2.33,98.96
2022-01-01,20220101,3,2,694960.93,524933.26,57413.95,22,112613.72,662548.9,682803.37,2022,Q1,1,January,2022-01,Marketing,CC1003,Europe,16.2,4.89,98.25
2022-01-01,20220101,3,3,712471.21,447324.39,72171.07,19,192975.75,701594.86,723866.0,2022,Q1,1,January,2022-01,Marketing,CC1003,Asia Pacific,27.09,1.55,98.4
2022-01-01,20220101,3,4,423065.7,310004.75,50148.42,15,62912.53,441546.16,415488.73,2022,Q1,1,January,2022-01,Marketing,CC1003,Latin America,14.87,-4.19,98.21
2022-01-01,20220101,4,1,550728.14,359092.12,72189.12,36,119446.89,537319.56,554124.47,2022,Q1,1,January,2022-01,Operations,CC1004,North America,21.69,2.5,99.38
2022-01-01,20220101,4,2,427795.54,305046.47,50594.85,30,72154.22,432438.29,425220.32,2022,Q1,1,January,2022-01,Operations,CC1004,Europe,16.87,-1.07,99.4
2022-01-01,20220101,4,3,374347.08,235932.01,39985.96,23,98429.11,387472.29,375263.82,2022,Q1,1,January,2022-01,Operations,CC1004,Asia Pacific,26.29,-3.39,99.76
2022-01-01,20220101,4,4,331590.65,206565.65,45522.99,20,79502.01,317254.93,334347.29,2022,Q1,1,January,2022-01,Operations,CC1004,Latin America,23.98,4.52,99.17
2022-01-01,20220101,5,1,285926.47,176229.37,8434.72,20,101262.38,276370.08,291023.94,2022,Q1,1,January,2022-01,Finance,CC1005,North America,35.42,3.46,98.22
2022-01-01,20220101,5,2,259894.26,190711.57,7679.24,16,61503.45,263817.98,260366.56,2022,Q1,1,January,2022-01,Finance,CC1005,Europe,23.66,-1.49,99.82
2022-01-01,20220101,5,3,183882.59,129177.62,6192.59,14,48512.39,175643.85,185988.25,2022,Q1,1,January,2022-01,Finance,CC1005,Asia Pacific,26.38,4.69,98.85
2022-01-01,20220101,5,4,149889.76,97686.78,3893.61,11,48309.37,153738.2,150005.99,2022,Q1,1,January,2022-01,Finance,CC1005,Latin America,32.23,-2.5,99.92
2022-01-01,20220101,6,1,192938.78,149636.76,4444.66,14,38857.36,187899.15,192562.47,2022,Q1,1,January,2022-01,HR,CC1006,North America,20.14,2.68,99.8
2022-01-01,20220101,6,2,202065.65,152438.83,3276.97,10,46349.85,201336.83,205373.23,2022,Q1,1,January,2022-01,HR,CC1006,Europe,22.94,0.36,98.36
2022-01-01,20220101,6,3,160603.29,112352.04,2705.17,10,45546.08,165776.37,159835.09,2022,Q1,1,January,2022-01,HR,CC1006,Asia Pacific,28.36,-3.12,99.52
2022-01-01,20220101,6,4,133689.77,106001.99,2356.97,7,25330.81,130844.02,135255.83,2022,Q1,1,January,2022-01,HR,CC1006,Latin America,18.95,2.17,98.83
2022-01-01,20220101,7,1,433214.98,314911.11,38787.15,52,79516.72,451197.3,433787.32,2022,Q1,1,January,2022-01,Customer Support,CC1007,North America,18.36,-3.99,99.87
2022-01-01,20220101,7,2,316597.94,234022.81,28298.91,43,54276.23,327906.16,321741.3,2022,Q1,1,January,2022-01,Customer Support,CC1007,Europe,17.14,-3.45,98.38
2022-01-01,20220101,7,3,296268.81,236038.64,20295.23,37,39934.94,286913.38,300937.89,2022,Q1,1,January,2022-01,Customer Support,CC1007,Asia Pacific,13.48,3.26,98.42
2022-01-01,20220101,7,4,258391.23,162895.22,20177.86,32,75318.15,247628.3,262343.75,2022,Q1,1,January,2022-01,Customer Support,CC1007,Latin America,29.15,4.35,98.47
2022-01-01,20220101,8,1,769866.8,539708.46,182743.38,33,47414.95,807136.84,775037.84,2022,Q1,1,January,2022-01,Product,CC1008,North America,6.16,-4.62,99.33
2022-01-01,20220101,8,2,611756.01,387358.39,141042.93,27,83354.69,591092.94,599829.4,2022,Q1,1,January,2022-01,Product,CC1008,Europe,13.63,3.5,98.05
2022-01-01,20220101,8,3,538686.81,380032.73,117190.39,27,41463.69,516030.0,543674.98,2022,Q1,1,January,2022-01,Product,CC1008,Asia Pacific,7.7,4.39,99.07
2022-01-01,20220101,8,4,373001.63,287821.26,84121.22,19,1059.14,380843.72,370231.72,2022,Q1,1,January,2022-01,Product,CC1008,Latin America,0.28,-2.06,99.26
2022-02-01,20220201,1,1,1168550.71,893155.31,172426.57,65,102968.84,1178797.05,1168280.19,2022,Q1,2,February,2022-02,Engineering,CC1001,North America,8.81,-0.87,99.98
2022-02-01,20220201,1,2,1079019.36,719750.81,140731.85,58,218536.7,1012509.32,1093088.83,2022,Q1,2,February,2022-02,Engineering,CC1001,Europe,20.25,6.57,98.7
2022-02-01,20220201,1,3,778141.72,504216.24,100005.47,49,173920.01,850662.32,776596.36,2022,Q1,2,February,2022-02,Engineering,CC1001,Asia Pacific,22.35,-8.53,99.8
2022-02-01,20220201,1,4,738930.14,539588.6,116200.99,38,83140.55,553192.46,749022.38,2022,Q1,2,February,2022-02,Engineering,CC1001,Latin America,11.25,33.58,98.63
2022-02-01,20220201,2,1,1752889.34,1394986.12,92347.19,37,265556.02,1521836.72,1765242.13,2022,Q1,2,February,2022-02,Sales,CC1002,North America,15.15,15.18,99.3
2022-02-01,20220201,2,2,1396123.79,1029313.82,57789.5,31,309020.47,1425261.3,1415989.92,2022,Q1,2,February,2022-02,Sales,CC1002,Europe,22.13,-2.04,98.58
2022-02-01,20220201,2,3,1217554.42,934361.28,55502.85,31,227690.29,1259752.86,1227009.98,2022,Q1,2,February,2022-02,Sales,CC1002,Asia Pacific,18.7,-3.35,99.22
2022-02-01,20220201,2,4,1035318.78,684410.04,45815.85,21,305092.89,1015279.86,1027199.66,2022,Q1,2,February,2022-02,Sales,CC1002,Latin America,29.47,1.97,99.22
2022-02-01,20220201,3,1,924681.35,728335.4,106197.97,28,90147.98,768260.36,935350.22,2022,Q1,2,February,2022-02,Marketing,CC1003,North America,9.75,20.36,98.85
2022-02-01,20220201,3,2,773180.65,504158.14,89911.48,23,179111.03,662548.9,775049.91,2022,Q1,2,February,2022-02,Marketing,CC1003,Europe,23.17,16.7,99.76
2022-02-01,20220201,3,3,585665.44,403764.26,57637.87,21,124263.31,701594.86,586758.25,2022,Q1,2,February,2022-02,Marketing,CC1003,Asia Pacific,21.22,-16.52,99.81
2022-02-01,20220201,3,4,497198.28,395451.66,41977.87,15,59768.76,441546.16,488090.1,2022,Q1,2,February,2022-02,Marketing,CC1003,Latin America,12.02,12.6,98.17
2022-02-01,20220201,4,1,631791.14,495081.21,69144.35,36,67565.57,537319.56,626540.15,2022,Q1,2,February,2022-02,Operations,CC1004,North America,10.69,17.58,99.17
2022-02-01,20220201,4,2,551668.58,414188.57,74274.19,25,63205.82,432438.29,561881.3,2022,Q1,2,February,2022-02,Operations,CC1004,Europe,11.46,27.57,98.15
2022-02-01,20220201,4,3,472088.52,312027.01,64114.79,24,95946.72,387472.29,479127.43,2022,Q1,2,February,2022-02,Operations,CC1004,Asia Pacific,20.32,21.84,98.51
2022-02-01,20220201,4,4,303842.46,225067.41,37054.66,18,41720.39,317254.93,300705.52,2022,Q1,2,February,2022-02,Operations,CC1004,Latin America,13.73,-4.23,98.97
2022-02-01,20220201,5,1,251580.21,174534.67,6947.43,20,70098.1,276370.08,249539.77,2022,Q1,2,February,2022-02,Finance,CC1005,North America,27.86,-8.97,99.19
2022-02-01,20220201,5,2,230831.88,172809.67,5673.32,18,52348.9,263817.98,234084.43,2022,Q1,2,February,2022-02,Finance,CC1005,Europe,22.68,-12.5,98.59
2022-02-01,20220201,5,3,232141.16,166826.92,8057.07,14,57257.17,175643.85,228231.62,2022,Q1,2,February,2022-02,Finance,CC1005,Asia Pacific,24.66,32.17,98.32
2022-02-01,20220201,5,4,158467.02,120263.1,3869.14,12,34334.78,153738.2,161607.44,2022,Q1,2,February,2022-02,Finance,CC1005,Latin America,21.67,3.08,98.02
2022-02-01,20220201,6,1,244599.2,172268.56,4038.12,14,68292.52,187899.15,245567.61,2022,Q1,2,February,2022-02,HR,CC1006,North America,27.92,30.18,99.6
2022-02-01,20220201,6,2,162902.74,100799.57,3791.89,11,58311.28,201336.83,165048.41,2022,Q1,2,February,2022-02,HR,CC1006,Europe,35.8,-19.09,98.68
2022-02-01,20220201,6,3,184607.22,131874.99,3717.91,10,49014.32,165776.37,183255.5,2022,Q1,2,February,2022-02,HR,CC1006,Asia Pacific,26.55,11.36,99.27
2022-02-01,20220201,6,4,126395.72,95400.45,2630.98,8,28364.3,130844.02,126109.46,2022,Q1,2,February,2022-02,HR,CC1006,Latin America,22.44,-3.4,99.77
2022-02-01,20220201,7,1,456230.95,331342.98,37837.2,56,87050.77,451197.3,451439.31,2022,Q1,2,February,2022-02,Customer Support,CC1007,North America,19.08,1.12,98.95
2022-02-01,20220201,7,2,369724.55,229541.62,28211.6,45,111971.33,327906.16,371975.79,2022,Q1,2,February,2022-02,Customer Support,CC1007,Europe,30.29,12.75,99.39
2022-02-01,20220201,7,3,376330.78,271007.17,33039.96,40,72283.65,286913.38,378349.48,2022,Q1,2,February,2022-02,Customer Support,CC1007,Asia Pacific,19.21,31.17,99.46
2022-02-01,20220201,7,4,224660.14,146226.42,16979.66,31,61454.07,247628.3,220577.16,2022,Q1,2,February,2022-02,Customer Support,CC1007,Latin America,27.35,-9.28,98.18
2022-02-01,20220201,8,1,657156.46,430675.94,156220.95,32,70259.57,807136.84,656684.39,2022,Q1,2,February,2022-02,Product,CC1008,North America,10.69,-18.58,99.93
2022-02-01,20220201,8,2,557957.98,402932.71,101802.03,26,53223.24,591092.94,558327.85,2022,Q1,2,February,2022-02,Product,CC1008,Europe,9.54,-5.61,99.93
2022-02-01,20220201,8,3,470569.43,283062.95,83538.08,23,103968.4,516030.0,463191.39,2022,Q1,2,February,2022-02,Product,CC1008,Asia Pacific,22.09,-8.81,98.43
2022-02-01,20220201,8,4,408976.35,311033.52,84152.57,19,13790.26,380843.72,405598.02,2022,Q1,2,February,2022-02,Product,CC1008,Latin America,3.37,7.39,99.17
2022-03-01,20220301,1,1,1359768.72,923830.96,170277.81,70,265659.95,1178797.05,1338765.1,2022,Q1,3,March,2022-03,Engineering,CC1001,North America,19.54,15.35,98.46
2022-03-01,20220301,1,2,956618.36,671050.93,164972.04,56,120595.39,1012509.32,964357.73,2022,Q1,3,March,2022-03,Engineering,CC1001,Europe,12.61,-5.52,99.19
2022-03-01,20220301,1,3,1036366.34,649073.98,141447.31,50,245845.05,850662.32,1033125.75,2022,Q1,3,March,2022-03,Engineering,CC1001,Asia Pacific,23.72,21.83,99.69
2022-03-01,20220301,1,4,683494.63,534166.23,111301.6,40,38026.8,553192.46,678282.92,2022,Q1,3,March,2022-03,Engineering,CC1001,Latin America,5.56,23.55,99.24
2022-03-01,20220301,2,1,1981166.32,1567126.53,111785.26,36,302254.52,1521836.72,1991975.67,2022,Q1,3,March,2022-03,Sales,CC1002,North America,15.26,30.18,99.45
2022-03-01,20220301,2,2,1302164.56,848388.13,53636.8,34,400139.62,1425261.3,1311883.39,2022,Q1,3,March,2022-03,Sales,CC1002,Europe,30.73,-8.64,99.25
2022-03-01,20220301,2,3,1197687.87,810556.56,58836.09,29,328295.22,1259752.86,1179532.12,2022,Q1,3,March,2022-03,Sales,CC1002,Asia Pacific,27.41,-4.93,98.48
2022-03-01,20220301,2,4,1027746.85,771052.29,42569.43,21,214125.13,1015279.86,1021776.52,2022,Q1,3,March,2022-03,Sales,CC1002,Latin America,20.83,1.23,99.42
2022-03-01,20220301,3,1,1022527.59,750243.35,109560.56,26,162723.68,768260.36,1026358.42,2022,Q1,3,March,2022-03,Marketing,CC1003,North America,15.91,33.1,99.63
2022-03-01,20220301,3,2,641826.81,466748.79,74793.03,23,100285.0,662548.9,651420.8,2022,Q1,3,March,2022-03,Marketing,CC1003,Europe,15.62,-3.13,98.51
2022-03-01,20220301,3,3,722659.68,451020.35,83899.44,18,187739.89,701594.86,723641.56,2022,Q1,3,March,2022-03,Marketing,CC1003,Asia Pacific,25.98,3.0,99.86
2022-03-01,20220301,3,4,470136.23,283182.48,45547.44,15,141406.31,441546.16,469872.97,2022,Q1,3,March,2022-03,Marketing,CC1003,Latin America,30.08,6.47,99.94
2022-03-01,20220301,4,1,615860.45,374903.7,62758.74,34,178198.01,537319.56,611996.97,2022,Q1,3,March,2022-03,Operations,CC1004,North America,28.93,14.62,99.37
2022-03-01,20220301,4,2,536086.03,391588.5,73223.46,29,71274.06,432438.29,534583.51,2022,Q1,3,March,2022-03,Operations,CC1004,Europe,13.3,23.97,99.72
2022-03-01,20220301,4,3,474865.22,311072.92,52569.03,27,111223.27,387472.29,473847.48,2022,Q1,3,March,2022-03,Operations,CC1004,Asia Pacific,23.42,22.55,99.79
2022-03-01,20220301,4,4,382550.19,292453.68,52471.73,21,37624.78,317254.93,381494.13,2022,Q1,3,March,2022-03,Operations,CC1004,Latin America,9.84,20.58,99.72
2022-03-01,20220301,5,1,284605.85,203902.94,8098.19,20,72604.71,276370.08,286946.28,2022,Q1,3,March,2022-03,Finance,CC1005,North America,25.51,2.98,99.18
2022-03-01,20220301,5,2,264975.59,178834.83,6889.98,16,79250.78,263817.98,261187.44,2022,Q1,3,March,2022-03,Finance,CC1005,Europe,29.91,0.44,98.57
2022-03-01,20220301,5,3,252135.81,168723.11,6518.6,13,76894.11,175643.85,253606.49,2022,Q1,3,March,2022-03,Finance,CC1005,Asia Pacific,30.5,43.55,99.42
2022-03-01,20220301,5,4,182770.37,122112.69,4543.77,11,56113.91,153738.2,181390.22,2022,Q1,3,March,2022-03,Finance,CC1005,Latin America,30.7,18.88,99.24
2022-03-01,20220301,6,1,237713.9,171428.77,4496.77,12,61788.36,187899.15,242354.42,2022,Q1,3,March,2022-03,HR,CC1006,North America,25.99,26.51,98.05
2022-03-01,20220301,6,2,185504.31,136838.15,3176.65,11,45489.5,201336.83,181998.55,2022,Q1,3,March,2022-03,HR,CC1006,Europe,24.52,-7.86,98.11
2022-03-01,20220301,6,3,169567.05,134433.35,3234.26,9,31899.44,165776.37,166385.67,2022,Q1,3,March,2022-03,HR,CC1006,Asia Pacific,18.81,2.29,98.12
2022-03-01,20220301,6,4,127245.37,80419.71,2059.7,8,44765.96,130844.02,127034.25,2022,Q1,3,March,2022-03,HR,CC1006,Latin America,35.18,-2.75,99.83
2022-03-01,20220301,7,1,422897.0,329866.69,28637.08,59,64393.22,451197.3,419750.08,2022,Q1,3,March,2022-03,Customer Support,CC1007,North America,15.23,-6.27,99.26
2022-03-01,20220301,7,2,420035.24,302672.59,37994.13,50,79368.51,327906.16,416480.15,2022,Q1,3,March,2022-03,Customer Support,CC1007,Europe,18.9,28.1,99.15
2022-03-01,20220301,7,3,385419.38,261274.4,29421.52,39,94723.46,286913.38,386057.75,2022,Q1,3,March,2022-03,Customer Support,CC1007,Asia Pacific,24.58,34.33,99.83
2022-03-01,20220301,7,4,236016.77,167747.1,19196.32,33,49073.35,247628.3,239166.65,2022,Q1,3,March,2022-03,Customer Support,CC1007,Latin America,20.79,-4.69,98.67
2022-03-01,20220301,8,1,738956.42,488056.07,133564.0,32,117336.35,807136.84,725881.26,2022,Q1,3,March,2022-03,Product,CC1008,North America,15.88,-8.45,98.23
2022-03-01,20220301,8,2,597364.46,390705.95,141762.59,28,64895.93,591092.94,593715.21,2022,Q1,3,March,2022-03,Product,CC1008,Europe,10.86,1.06,99.39
2022-03-01,20220301,8,3,577922.36,362842.39,112997.4,26,102082.56,516030.0,577665.71,2022,Q1,3,March,2022-03,Product,CC1008,Asia Pacific,17.66,11.99,99.96
2022-03-01,20220301,8,4,425967.21,340249.69,98153.57,20,-12436.05,380843.72,427149.31,2022,Q1,3,March,2022-03,Product,CC1008,Latin America,-2.92,11.85,99.72
2022-04-01,20220401,1,1,1243032.83,795867.21,178634.09,62,268531.53,1178797.05,1241816.95,2022,Q2,4,April,2022-04,Engineering,CC1001,North America,21.6,5.45,99.9
2022-04-01,20220401,1,2,1012577.51,653669.36,180078.54,62,178829.61,1012509.32,1021575.0,2022,Q2,4,April,2022-04,Engineering,CC1001,Europe,17.66,0.01,99.11
2022-04-01,20220401,1,3,908718.36,703342.4,116169.77,54,89206.18,850662.32,895081.07,2022,Q2,4,April,2022-04,Engineering,CC1001,Asia Pacific,9.82,6.82,98.5
2022-04-01,20220401,1,4,761536.15,498923.09,131460.51,43,131152.56,553192.46,750837.97,2022,Q2,4,April,2022-04,Engineering,CC1001,Latin America,17.22,37.66,98.6
2022-04-01,20220401,2,1,1779265.2,1416646.46,88372.81,44,274245.93,1521836.72,1785580.27,2022,Q2,4,April,2022-04,Sales,CC1002,North America,15.41,16.92,99.65
2022-04-01,20220401,2,2,1443428.23,948558.55,63603.89,36,431265.79,1425261.3,1436877.41,2022,Q2,4,April,2022-04,Sales,CC1002,Europe,29.88,1.27,99.55
2022-04-01,20220401,2,3,1354125.43,945809.35,69799.18,33,338516.9,1259752.86,1380164.68,2022,Q2,4,April,2022-04,Sales,CC1002,Asia Pacific,25.0,7.49,98.08
2022-04-01,20220401,2,4,1020556.56,781239.91,56427.14,24,182889.51,1015279.86,1039173.44,2022,Q2,4,April,2022-04,Sales,CC1002,Latin America,17.92,0.52,98.18
2022-04-01,20220401,3,1,818861.36,509211.26,93479.97,27,216170.13,768260.36,830226.14,2022,Q2,4,April,2022-04,Marketing,CC1003,North America,26.4,6.59,98.61
2022-04-01,20220401,3,2,838172.25,513373.39,96673.61,22,228125.25,662548.9,838522.01,2022,Q2,4,April,2022-04,Marketing,CC1003,Europe,27.22,26.51,99.96
2022-04-01,20220401,3,3,700406.81,550013.03,56568.11,20,93825.68,701594.86,705666.08,2022,Q2,4,April,2022-04,Marketing,CC1003,Asia Pacific,13.4,-0.17,99.25
2022-04-01,20220401,3,4,559893.95,413485.31,47802.29,15,98606.34,441546.16,556729.78,2022,Q2,4,April,2022-04,Marketing,CC1003,Latin America,17.61,26.8,99.43
2022-04-01,20220401,4,1,654585.45,429245.7,69460.57,37,155879.18,537319.56,641725.82,2022,Q2,4,April,2022-04,Operations,CC1004,North America,23.81,21.82,98.04
2022-04-01,20220401,4,2,574485.98,422456.46,77995.97,27,74033.56,432438.29,563325.22,2022,Q2,4,April,2022-04,Operations,CC1004,Europe,12.89,32.85,98.06
2022-04-01,20220401,4,3,481955.38,369577.32,63397.79,24,48980.27,387472.29,486841.02,2022,Q2,4,April,2022-04,Operations,CC1004,Asia Pacific,10.16,24.38,98.99
2022-04-01,20220401,4,4,378113.71,276668.87,50203.51,21,51241.34,317254.93,379831.93,2022,Q2,4,April,2022-04,Operations,CC1004,Latin America,13.55,19.18,99.55
2022-04-01,20220401,5,1,262888.78,183371.65,6554.29,20,72962.85,276370.08,261911.96,2022,Q2,4,April,2022-04,Finance,CC1005,North America,27.75,-4.88,99.63
2022-04-01,20220401,5,2,217379.92,145593.27,5506.66,18,66279.99,263817.98,221272.66,2022,Q2,4,April,2022-04,Finance,CC1005,Europe,30.49,-17.6,98.21
2022-04-01,20220401,5,3,196067.49,155093.9,5935.14,14,35038.44,175643.85,192748.95,2022,Q2,4,April,2022-04,Finance,CC1005,Asia Pacific,17.87,11.63,98.31
2022-04-01,20220401,5,4,174975.77,132789.66,5684.09,10,36502.02,153738.2,171986.5,2022,Q2,4,April,2022-04,Finance,CC1005,Latin America,20.86,13.81,98.29
2022-04-01,20220401,6,1,218372.81,143920.37,3899.94,13,70552.5,187899.15,221023.7,2022,Q2,4,April,2022-04,HR,CC1006,North America,32.31,16.22,98.79
2022-04-01,20220401,6,2,211575.15,144087.02,4918.89,11,62569.24,201336.83,211375.74,2022,Q2,4,April,2022-04,HR,CC1006,Europe,29.57,5.09,99.91
2022-04-01,20220401,6,3,154829.78,112730.82,3689.88,10,38409.08,165776.37,153949.19,2022,Q2,4,April,2022-04,HR,CC1006,Asia Pacific,24.81,-6.6,99.43
2022-04-01,20220401,6,4,137025.67,85584.06,3166.56,8,48275.05,130844.02,136748.06,2022,Q2,4,April,2022-04,HR,CC1006,Latin America,35.23,4.72,99.8
2022-04-01,20220401,7,1,461441.42,334525.08,30592.1,57,96324.24,451197.3,456678.09,2022,Q2,4,April,2022-04,Customer Support,CC1007,North America,20.87,2.27,98.97
2022-04-01,20220401,7,2,398939.71,304992.18,35795.53,46,58151.99,327906.16,399261.57,2022,Q2,4,April,2022-04,Customer Support,CC1007,Europe,14.58,21.66,99.92
2022-04-01,20220401,7,3,301243.06,227459.36,21895.88,41,51887.81,286913.38,298643.62,2022,Q2,4,April,2022-04,Customer Support,CC1007,Asia Pacific,17.22,4.99,99.14
2022-04-01,20220401,7,4,233587.89,169564.14,15355.75,33,48668.0,247628.3,231883.51,2022,Q2,4,April,2022-04,Customer Support,CC1007,Latin America,20.83,-5.67,99.27
2022-04-01,20220401,8,1,637322.69,447544.45,104360.41,32,85417.82,807136.84,642599.12,2022,Q2,4,April,2022-04,Product,CC1008,North America,13.4,-21.04,99.17
2022-04-01,20220401,8,2,542827.47,416819.68,87018.28,27,38989.51,591092.94,548058.24,2022,Q2,4,April,2022-04,Product,CC1008,Europe,7.18,-8.17,99.04
2022-04-01,20220401,8,3,531322.5,329621.04,100323.63,24,101377.83,516030.0,538606.12,2022,Q2,4,April,2022-04,Product,CC1008,Asia Pacific,19.08,2.96,98.63
2022-04-01,20220401,8,4,412867.41,312865.35,95516.78,19,4485.28,380843.72,419637.5,2022,Q2,4,April,2022-04,Product,CC1008,Latin America,1.09,8.41,98.36
2022-05-01,20220501,1,1,1126245.14,892904.81,141183.13,72,92157.2,1178797.05,1125966.46,2022,Q2,5,May,2022-05,Engineering,CC1001,North America,8.18,-4.46,99.98
2022-05-01,20220501,1,2,941557.5,684081.42,152750.22,52,104725.86,1012509.32,929014.19,2022,Q2,5,May,2022-05,Engineering,CC1001,Europe,11.12,-7.01,98.67
2022-05-01,20220501,1,3,933009.86,684154.75,166041.09,54,82814.02,850662.32,949832.87,2022,Q2,5,May,2022-05,Engineering,CC1001,Asia Pacific,8.88,9.68,98.2
2022-05-01,20220501,1,4,723524.65,477244.41,91397.0,42,154883.23,553192.46,727696.47,2022,Q2,5,May,2022-05,Engineering,CC1001,Latin America,21.41,30.79,99.42
2022-05-01,20220501,2,1,1516186.32,1018892.51,89661.19,41,407632.62,1521836.72,1512106.52,2022,Q2,5,May,2022-05,Sales,CC1002,North America,26.89,-0.37,99.73
2022-05-01,20220501,2,2,1443052.12,926117.01,68363.36,33,448571.76,1425261.3,1417213.12,2022,Q2,5,May,2022-05,Sales,CC1002,Europe,31.08,1.25,98.21
2022-05-01,20220501,2,3,1421030.75,970991.57,80208.09,33,369831.09,1259752.86,1404660.14,2022,Q2,5,May,2022-05,Sales,CC1002,Asia Pacific,26.03,12.8,98.85
2022-05-01,20220501,2,4,1071417.45,744052.66,61717.0,22,265647.78,1015279.86,1079037.94,2022,Q2,5,May,2022-05,Sales,CC1002,Latin America,24.79,5.53,99.29
2022-05-01,20220501,3,1,905308.29,596652.75,77371.3,28,231284.24,768260.36,913948.46,2022,Q2,5,May,2022-05,Marketing,CC1003,North America,25.55,17.84,99.05
2022-05-01,20220501,3,2,690378.14,503262.55,66141.84,24,120973.75,662548.9,682071.93,2022,Q2,5,May,2022-05,Marketing,CC1003,Europe,17.52,4.2,98.8
2022-05-01,20220501,3,3,734715.66,483062.26,69585.98,19,182067.42,701594.86,723298.54,2022,Q2,5,May,2022-05,Marketing,CC1003,Asia Pacific,24.78,4.72,98.45
2022-05-01,20220501,3,4,513994.29,335904.8,58296.83,14,119792.67,441546.16,511508.5,2022,Q2,5,May,2022-05,Marketing,CC1003,Latin America,23.31,16.41,99.52
2022-05-01,20220501,4,1,556111.71,335816.69,56706.53,34,163588.48,537319.56,555952.99,2022,Q2,5,May,2022-05,Operations,CC1004,North America,29.42,3.5,99.97
2022-05-01,20220501,4,2,473210.99,334175.7,58946.15,26,80089.14,432438.29,472531.37,2022,Q2,5,May,2022-05,Operations,CC1004,Europe,16.92,9.43,99.86
2022-05-01,20220501,4,3,499450.54,351516.52,64190.4,25,83743.63,387472.29,504924.35,2022,Q2,5,May,2022-05,Operations,CC1004,Asia Pacific,16.77,28.9,98.9
2022-05-01,20220501,4,4,368963.14,259845.69,52705.89,18,56411.56,317254.93,361834.0,2022,Q2,5,May,2022-05,Operations,CC1004,Latin America,15.29,16.3,98.07
2022-05-01,20220501,5,1,316011.79,240621.21,8040.13,19,67350.46,276370.08,309913.43,2022,Q2,5,May,2022-05,Finance,CC1005,North America,21.31,14.34,98.07
2022-05-01,20220501,5,2,228494.99,172428.81,6904.1,16,49162.09,263817.98,227322.72,2022,Q2,5,May,2022-05,Finance,CC1005,Europe,21.52,-13.39,99.49
2022-05-01,20220501,5,3,186443.03,123044.96,5920.97,17,57477.1,175643.85,189031.31,2022,Q2,5,May,2022-05,Finance,CC1005,Asia Pacific,30.83,6.15,98.61
2022-05-01,20220501,5,4,146149.02,113954.17,4881.14,12,27313.72,153738.2,145903.47,2022,Q2,5,May,2022-05,Finance,CC1005,Latin America,18.69,-4.94,99.83
2022-05-01,20220501,6,1,212531.6,140394.8,3512.2,13,68624.6,187899.15,210377.41,2022,Q2,5,May,2022-05,HR,CC1006,North America,32.29,13.11,98.99
2022-05-01,20220501,6,2,181827.26,136277.51,3598.45,10,41951.3,201336.83,185156.81,2022,Q2,5,May,2022-05,HR,CC1006,Europe,23.07,-9.69,98.17
2022-05-01,20220501,6,3,186269.15,141012.81,4457.54,10,40798.8,165776.37,189717.13,2022,Q2,5,May,2022-05,HR,CC1006,Asia Pacific,21.9,12.36,98.15
2022-05-01,20220501,6,4,111607.24,75126.87,1986.95,7,34493.42,130844.02,110003.68,2022,Q2,5,May,2022-05,HR,CC1006,Latin America,30.91,-14.7,98.56
2022-05-01,20220501,7,1,454582.78,343784.76,37505.6,51,73292.42,451197.3,460240.04,2022,Q2,5,May,2022-05,Customer Support,CC1007,North America,16.12,0.75,98.76
2022-05-01,20220501,7,2,380303.35,257706.16,32543.38,44,90053.81,327906.16,377948.4,2022,Q2,5,May,2022-05,Customer Support,CC1007,Europe,23.68,15.98,99.38
2022-05-01,20220501,7,3,370048.32,243529.13,29248.48,45,97270.71,286913.38,373123.0,2022,Q2,5,May,2022-05,Customer Support,CC1007,Asia Pacific,26.29,28.98,99.17
2022-05-01,20220501,7,4,222186.1,139857.4,14275.66,33,68053.04,247628.3,221721.05,2022,Q2,5,May,2022-05,Customer Support,CC1007,Latin America,30.63,-10.27,99.79
2022-05-01,20220501,8,1,650618.42,515020.97,131667.46,33,3929.99,807136.84,650634.13,2022,Q2,5,May,2022-05,Product,CC1008,North America,0.6,-19.39,100.0
2022-05-01,20220501,8,2,641816.63,394876.3,116795.42,30,130144.91,591092.94,640781.12,2022,Q2,5,May,2022-05,Product,CC1008,Europe,20.28,8.58,99.84
2022-05-01,20220501,8,3,555758.68,381563.46,90873.21,24,83322.01,516030.0,554548.05,2022,Q2,5,May,2022-05,Product,CC1008,Asia Pacific,14.99,7.7,99.78
2022-05-01,20220501,8,4,389107.73,237354.08,88518.89,22,63234.76,380843.72,393670.3,2022,Q2,5,May,2022-05,Product,CC1008,Latin America,16.25,2.17,98.83
2022-06-01,20220601,1,1,1242411.37,805573.85,220699.0,65,216138.52,1178797.05,1264845.83,2022,Q2,6,June,2022-06,Engineering,CC1001,North America,17.4,5.4,98.19
2022-06-01,20220601,1,2,1074945.26,797979.77,192273.98,59,84691.51,1012509.32,1064606.08,2022,Q2,6,June,2022-06,Engineering,CC1001,Europe,7.88,6.17,99.04
2022-06-01,20220601,1,3,826477.6,593999.52,102801.33,53,129676.75,850662.32,842384.91,2022,Q2,6,June,2022-06,Engineering,CC1001,Asia Pacific,15.69,-2.84,98.08
2022-06-01,20220601,1,4,594287.56,450778.42,103687.68,44,39821.46,553192.46,605225.67,2022,Q2,6,June,2022-06,Engineering,CC1001,Latin America,6.7,7.43,98.16
2022-06-01,20220601,2,1,1695646.56,1348821.69,93508.47,39,253316.39,1521836.72,1694079.79,2022,Q2,6,June,2022-06,Sales,CC1002,North America,14.94,11.42,99.91
2022-06-01,20220601,2,2,1495961.09,971578.95,79005.15,36,445376.99,1425261.3,1475777.57,2022,Q2,6,June,2022-06,Sales,CC1002,Europe,29.77,4.96,98.65
2022-06-01,20220601,2,3,1288272.54,971776.68,64385.17,28,252110.69,1259752.86,1262972.85,2022,Q2,6,June,2022-06,Sales,CC1002,Asia Pacific,19.57,2.26,98.04
2022-06-01,20220601,2,4,940646.53,738632.17,41927.94,25,160086.42,1015279.86,930189.4,2022,Q2,6,June,2022-06,Sales,CC1002,Latin America,17.02,-7.35,98.89
2022-06-01,20220601,3,1,797332.44,613633.76,87032.39,25,96666.29,768260.36,795058.51,2022,Q2,6,June,2022-06,Marketing,CC1003,North America,12.12,3.78,99.71
2022-06-01,20220601,3,2,602843.15,419686.16,64201.2,21,118955.79,662548.9,597752.38,2022,Q2,6,June,2022-06,Marketing,CC1003,Europe,19.73,-9.01,99.16
2022-06-01,20220601,3,3,612435.95,480092.34,73327.08,19,59016.53,701594.86,618829.98,2022,Q2,6,June,2022-06,Marketing,CC1003,Asia Pacific,9.64,-12.71,98.96
2022-06-01,20220601,3,4,472489.56,320580.22,52054.46,17,99854.89,441546.16,481011.92,2022,Q2,6,June,2022-06,Marketing,CC1003,Latin America,21.13,7.01,98.2
2022-06-01,20220601,4,1,574593.61,385796.08,76881.98,33,111915.56,537319.56,576066.27,2022,Q2,6,June,2022-06,Operations,CC1004,North America,19.48,6.94,99.74
2022-06-01,20220601,4,2,448144.42,327739.76,48193.07,27,72211.59,432438.29,455641.68,2022,Q2,6,June,2022-06,Operations,CC1004,Europe,16.11,3.63,98.33
2022-06-01,20220601,4,3,370883.91,260060.68,39536.57,23,71286.66,387472.29,364000.59,2022,Q2,6,June,2022-06,Operations,CC1004,Asia Pacific,19.22,-4.28,98.14
2022-06-01,20220601,4,4,295680.8,228665.95,32394.49,22,34620.36,317254.93,296646.16,2022,Q2,6,June,2022-06,Operations,CC1004,Latin America,11.71,-6.8,99.67
2022-06-01,20220601,5,1,275460.38,197234.53,8319.01,22,69906.85,276370.08,273063.83,2022,Q2,6,June,2022-06,Finance,CC1005,North America,25.38,-0.33,99.13
2022-06-01,20220601,5,2,223684.14,174209.43,7908.91,18,41565.81,263817.98,222963.41,2022,Q2,6,June,2022-06,Finance,CC1005,Europe,18.58,-15.21,99.68
2022-06-01,20220601,5,3,228313.49,158738.87,6842.66,14,62731.96,175643.85,229145.74,2022,Q2,6,June,2022-06,Finance,CC1005,Asia Pacific,27.48,29.99,99.64
2022-06-01,20220601,5,4,148376.72,98865.33,5083.44,11,44427.95,153738.2,145831.51,2022,Q2,6,June,2022-06,Finance,CC1005,Latin America,29.94,-3.49,98.28
2022-06-01,20220601,6,1,183369.9,144524.25,3677.55,13,35168.1,187899.15,185650.13,2022,Q2,6,June,2022-06,HR,CC1006,North America,19.18,-2.41,98.76
2022-06-01,20220601,6,2,193181.24,128743.36,4162.85,12,60275.03,201336.83,194376.26,2022,Q2,6,June,2022-06,HR,CC1006,Europe,31.2,-4.05,99.38
2022-06-01,20220601,6,3,141440.83,109641.63,2873.05,10,28926.15,165776.37,141017.8,2022,Q2,6,June,2022-06,HR,CC1006,Asia Pacific,20.45,-14.68,99.7
2022-06-01,20220601,6,4,105807.18,66190.15,2340.92,7,37276.11,130844.02,105454.07,2022,Q2,6,June,2022-06,HR,CC1006,Latin America,35.23,-19.13,99.67
2022-06-01,20220601,7,1,424044.39,259060.12,40342.95,53,124641.32,451197.3,420723.25,2022,Q2,6,June,2022-06,Customer Support,CC1007,North America,29.39,-6.02,99.22
2022-06-01,20220601,7,2,330355.15,213436.95,21158.31,48,95759.88,327906.16,336524.14,2022,Q2,6,June,2022-06,Customer Support,CC1007,Europe,28.99,0.75,98.13
2022-06-01,20220601,7,3,289771.29,212289.18,25424.73,45,52057.38,286913.38,288874.5,2022,Q2,6,June,2022-06,Customer Support,CC1007,Asia Pacific,17.96,1.0,99.69
2022-06-01,20220601,7,4,231174.04,153744.38,20066.8,34,57362.85,247628.3,228229.93,2022,Q2,6,June,2022-06,Customer Support,CC1007,Latin America,24.81,-6.64,98.73
2022-06-01,20220601,8,1,674820.18,526621.59,151521.07,38,-3322.49,807136.84,681683.05,2022,Q2,6,June,2022-06,Product,CC1008,North America,-0.49,-16.39,98.98
2022-06-01,20220601,8,2,566255.76,406643.87,120545.17,26,39066.72,591092.94,567263.62,2022,Q2,6,June,2022-06,Product,CC1008,Europe,6.9,-4.2,99.82
2022-06-01,20220601,8,3,559562.22,354462.67,124474.92,26,80624.64,516030.0,569684.07,2022,Q2,6,June,2022-06,Product,CC1008,Asia Pacific,14.41,8.44,98.19
2022-06-01,20220601,8,4,353286.58,230719.18,73527.53,19,49039.87,380843.72,356316.71,2022,Q2,6,June,2022-06,Product,CC1008,Latin America,13.88,-7.24,99.14
2022-07-01,20220701,1,1,1159779.34,719646.78,174930.99,70,265201.57,1178797.05,1153715.12,2022,Q3,7,July,2022-07,Engineering,CC1001,North America,22.87,-1.61,99.48
2022-07-01,20220701,1,2,1013274.11,775662.61,163980.75,61,73630.75,1012509.32,1011722.42,2022,Q3,7,July,2022-07,Engineering,CC1001,Europe,7.27,0.08,99.85
2022-07-01,20220701,1,3,909057.93,671720.25,148848.11,56,88489.56,850662.32,900842.65,2022,Q3,7,July,2022-07,Engineering,CC1001,Asia Pacific,9.73,6.86,99.1
2022-07-01,20220701,1,4,685590.05,438125.03,96476.59,39,150988.43,553192.46,698712.94,2022,Q3,7,July,2022-07,Engineering,CC1001,Latin America,22.02,23.93,98.09
2022-07-01,20220701,2,1,1786900.99,1322724.82,97459.61,43,366716.56,1521836.72,1818857.26,2022,Q3,7,July,2022-07,Sales,CC1002,North America,20.52,17.42,98.21
2022-07-01,20220701,2,2,1343690.18,908473.69,58128.99,37,377087.5,1425261.3,1356290.98,2022,Q3,7,July,2022-07,Sales,CC1002,Europe,28.06,-5.72,99.06
2022-07-01,20220701,2,3,1168677.29,707094.97,66357.43,28,395224.89,1259752.86,1178199.66,2022,Q3,7,July,2022-07,Sales,CC1002,Asia Pacific,33.82,-7.23,99.19
2022-07-01,20220701,2,4,1074483.87,738742.33,48028.86,25,287712.68,1015279.86,1088113.83,2022,Q3,7,July,2022-07,Sales,CC1002,Latin America,26.78,5.83,98.73
2022-07-01,20220701,3,1,818362.45,649294.54,67160.35,28,101907.56,768260.36,825513.43,2022,Q3,7,July,2022-07,Marketing,CC1003,North America,12.45,6.52,99.13
2022-07-01,20220701,3,2,745773.59,474200.98,83526.75,23,188045.87,662548.9,742687.69,2022,Q3,7,July,2022-07,Marketing,CC1003,Europe,25.21,12.56,99.59
2022-07-01,20220701,3,3,538458.71,416260.44,46464.1,20,75734.17,701594.86,533936.64,2022,Q3,7,July,2022-07,Marketing,CC1003,Asia Pacific,14.06,-23.25,99.16
2022-07-01,20220701,3,4,523280.75,384370.95,58537.98,15,80371.81,441546.16,525894.52,2022,Q3,7,July,2022-07,Marketing,CC1003,Latin America,15.36,18.51,99.5
2022-07-01,20220701,4,1,549661.52,421351.88,76673.48,31,51636.16,537319.56,553487.61,2022,Q3,7,July,2022-07,Operations,CC1004,North America,9.39,2.3,99.3
2022-07-01,20220701,4,2,388112.95,275471.6,42617.27,28,70024.07,432438.29,385830.2,2022,Q3,7,July,2022-07,Operations,CC1004,Europe,18.04,-10.25,99.41
2022-07-01,20220701,4,3,418244.63,278889.7,54860.96,26,84493.97,387472.29,411023.28,2022,Q3,7,July,2022-07,Operations,CC1004,Asia Pacific,20.2,7.94,98.27
2022-07-01,20220701,4,4,340599.96,223825.83,39772.81,21,77001.32,317254.93,338317.34,2022,Q3,7,July,2022-07,Operations,CC1004,Latin America,22.61,7.36,99.33
2022-07-01,20220701,5,1,233251.14,157394.19,8241.55,21,67615.4,276370.08,234851.05,2022,Q3,7,July,2022-07,Finance,CC1005,North America,28.99,-15.6,99.31
2022-07-01,20220701,5,2,233097.3,149135.28,6764.49,18,77197.53,263817.98,229380.54,2022,Q3,7,July,2022-07,Finance,CC1005,Europe,33.12,-11.64,98.41
2022-07-01,20220701,5,3,188332.54,123407.5,5496.34,17,59428.7,175643.85,185074.41,2022,Q3,7,July,2022-07,Finance,CC1005,Asia Pacific,31.56,7.22,98.27
2022-07-01,20220701,5,4,157820.48,100353.77,5626.0,11,51840.7,153738.2,157211.93,2022,Q3,7,July,2022-07,Finance,CC1005,Latin America,32.85,2.66,99.61
2022-07-01,20220701,6,1,216180.13,160170.21,4189.97,13,51819.95,187899.15,215294.76,2022,Q3,7,July,2022-07,HR,CC1006,North America,23.97,15.05,99.59
2022-07-01,20220701,6,2,156258.92,100172.37,3103.98,11,52982.57,201336.83,154930.48,2022,Q3,7,July,2022-07,HR,CC1006,Europe,33.91,-22.39,99.15
2022-07-01,20220701,6,3,158451.8,125764.38,3300.41,9,29387.02,165776.37,155761.82,2022,Q3,7,July,2022-07,HR,CC1006,Asia Pacific,18.55,-4.42,98.3
2022-07-01,20220701,6,4,133645.43,88133.57,2236.76,8,43275.1,130844.02,134306.43,2022,Q3,7,July,2022-07,HR,CC1006,Latin America,32.38,2.14,99.51
2022-07-01,20220701,7,1,421539.18,275467.6,27182.34,61,118889.25,451197.3,417338.85,2022,Q3,7,July,2022-07,Customer Support,CC1007,North America,28.2,-6.57,99.0
2022-07-01,20220701,7,2,354059.29,262473.35,29571.12,45,62014.83,327906.16,350817.47,2022,Q3,7,July,2022-07,Customer Support,CC1007,Europe,17.52,7.98,99.08
2022-07-01,20220701,7,3,311538.38,240887.43,29376.66,39,41274.28,286913.38,307237.01,2022,Q3,7,July,2022-07,Customer Support,CC1007,Asia Pacific,13.25,8.58,98.62
2022-07-01,20220701,7,4,266818.61,199395.43,24615.56,31,42807.62,247628.3,267753.39,2022,Q3,7,July,2022-07,Customer Support,CC1007,Latin America,16.04,7.75,99.65
2022-07-01,20220701,8,1,713185.95,524920.82,137396.8,31,50868.34,807136.84,715551.62,2022,Q3,7,July,2022-07,Product,CC1008,North America,7.13,-11.64,99.67
2022-07-01,20220701,8,2,518984.02,358125.37,122794.98,28,38063.67,591092.94,526038.09,2022,Q3,7,July,2022-07,Product,CC1008,Europe,7.33,-12.2,98.64
2022-07-01,20220701,8,3,457315.29,335894.47,108914.46,24,12506.36,516030.0,448321.18,2022,Q3,7,July,2022-07,Product,CC1008,Asia Pacific,2.73,-11.38,98.03
2022-07-01,20220701,8,4,384532.36,237842.92,84547.42,22,62142.03,380843.72,383517.52,2022,Q3,7,July,2022-07,Product,CC1008,Latin America,16.16,0.97,99.74
2022-08-01,20220801,1,1,967932.45,664854.09,158166.81,64,144911.56,1178797.05,971395.87,2022,Q3,8,August,2022-08,Engineering,CC1001,North America,14.97,-17.89,99.64
2022-08-01,20220801,1,2,899108.37,654135.19,120949.25,62,124023.93,1012509.32,884413.03,2022,Q3,8,August,2022-08,Engineering,CC1001,Europe,13.79,-11.2,98.37
2022-08-01,20220801,1,3,711993.73,552146.87,116997.22,48,42849.63,850662.32,704827.55,2022,Q3,8,August,2022-08,Engineering,CC1001,Asia Pacific,6.02,-16.3,98.99
2022-08-01,20220801,1,4,556536.86,364064.85,75050.99,38,117421.01,553192.46,555622.81,2022,Q3,8,August,2022-08,Engineering,CC1001,Latin America,21.1,0.6,99.84
2022-08-01,20220801,2,1,1674480.07,1207880.08,89513.41,39,377086.58,1521836.72,1704720.56,2022,Q3,8,August,2022-08,Sales,CC1002,North America,22.52,10.03,98.19
2022-08-01,20220801,2,2,1436783.25,1093418.01,81120.32,38,262244.93,1425261.3,1439326.58,2022,Q3,8,August,2022-08,Sales,CC1002,Europe,18.25,0.81,99.82
2022-08-01,20220801,2,3,1068346.88,772795.89,58606.98,33,236944.0,1259752.86,1069263.48,2022,Q3,8,August,2022-08,Sales,CC1002,Asia Pacific,22.18,-15.19,99.91
2022-08-01,20220801,2,4,794828.79,535891.52,46430.19,25,212507.08,1015279.86,796047.48,2022,Q3,8,August,2022-08,Sales,CC1002,Latin America,26.74,-21.71,99.85
2022-08-01,20220801,3,1,728330.44,490668.78,84350.75,29,153310.92,768260.36,736702.95,2022,Q3,8,August,2022-08,Marketing,CC1003,North America,21.05,-5.2,98.85
2022-08-01,20220801,3,2,643233.48,467019.31,57849.42,24,118364.75,662548.9,641370.71,2022,Q3,8,August,2022-08,Marketing,CC1003,Europe,18.4,-2.92,99.71
2022-08-01,20220801,3,3,576832.35,421009.43,67749.67,19,88073.25,701594.86,584325.24,2022,Q3,8,August,2022-08,Marketing,CC1003,Asia Pacific,15.27,-17.78,98.7
2022-08-01,20220801,3,4,428081.92,294855.93,34621.78,15,98604.21,441546.16,428126.97,2022,Q3,8,August,2022-08,Marketing,CC1003,Latin America,23.03,-3.05,99.99
2022-08-01,20220801,4,1,452265.4,315780.36,63543.88,32,72941.16,537319.56,457049.3,2022,Q3,8,August,2022-08,Operations,CC1004,North America,16.13,-15.83,98.94
2022-08-01,20220801,4,2,422995.3,309224.26,45891.33,27,67879.71,432438.29,417250.39,2022,Q3,8,August,2022-08,Operations,CC1004,Europe,16.05,-2.18,98.64
2022-08-01,20220801,4,3,340879.59,217184.39,43592.54,28,80102.66,387472.29,345162.75,2022,Q3,8,August,2022-08,Operations,CC1004,Asia Pacific,23.5,-12.02,98.74
2022-08-01,20220801,4,4,321247.39,199843.62,35298.98,20,86104.78,317254.93,318034.36,2022,Q3,8,August,2022-08,Operations,CC1004,Latin America,26.8,1.26,99.0
2022-08-01,20220801,5,1,262040.66,185291.77,7411.2,20,69337.69,276370.08,265484.45,2022,Q3,8,August,2022-08,Finance,CC1005,North America,26.46,-5.18,98.69
2022-08-01,20220801,5,2,236255.29,156296.85,8260.78,19,71697.66,263817.98,234617.97,2022,Q3,8,August,2022-08,Finance,CC1005,Europe,30.35,-10.45,99.31
2022-08-01,20220801,5,3,187105.22,131184.49,6603.59,17,49317.14,175643.85,184130.76,2022,Q3,8,August,2022-08,Finance,CC1005,Asia Pacific,26.36,6.53,98.41
2022-08-01,20220801,5,4,147275.0,104664.55,4423.79,11,38186.67,153738.2,149388.79,2022,Q3,8,August,2022-08,Finance,CC1005,Latin America,25.93,-4.2,98.56
2022-08-01,20220801,6,1,206035.26,158148.89,4712.05,14,43174.32,187899.15,205534.27,2022,Q3,8,August,2022-08,HR,CC1006,North America,20.95,9.65,99.76
2022-08-01,20220801,6,2,168448.56,106471.8,3602.97,11,58373.78,201336.83,169755.38,2022,Q3,8,August,2022-08,HR,CC1006,Europe,34.65,-16.33,99.22
2022-08-01,20220801,6,3,134833.89,84070.31,2335.63,9,48427.95,165776.37,136013.63,2022,Q3,8,August,2022-08,HR,CC1006,Asia Pacific,35.92,-18.67,99.13
2022-08-01,20220801,6,4,122086.12,85824.92,2110.98,7,34150.23,130844.02,119737.82,2022,Q3,8,August,2022-08,HR,CC1006,Latin America,27.97,-6.69,98.08
2022-08-01,20220801,7,1,352061.7,273964.25,25253.1,55,52844.36,451197.3,346503.99,2022,Q3,8,August,2022-08,Customer Support,CC1007,North America,15.01,-21.97,98.42
2022-08-01,20220801,7,2,298922.92,210395.38,24944.55,45,63583.0,327906.16,293634.76,2022,Q3,8,August,2022-08,Customer Support,CC1007,Europe,21.27,-8.84,98.23
2022-08-01,20220801,7,3,283880.88,183625.7,20162.85,46,80092.33,286913.38,285201.5,2022,Q3,8,August,2022-08,Customer Support,CC1007,Asia Pacific,28.21,-1.06,99.53
2022-08-01,20220801,7,4,232152.91,158596.43,18044.37,33,55512.12,247628.3,233976.98,2022,Q3,8,August,2022-08,Customer Support,CC1007,Latin America,23.91,-6.25,99.21
2022-08-01,20220801,8,1,691715.62,438782.04,138349.36,35,114584.21,807136.84,701967.59,2022,Q3,8,August,2022-08,Product,CC1008,North America,16.57,-14.3,98.52
2022-08-01,20220801,8,2,564898.22,399101.05,95598.61,30,70198.55,591092.94,556248.59,2022,Q3,8,August,2022-08,Product,CC1008,Europe,12.43,-4.43,98.47
2022-08-01,20220801,8,3,465236.47,292432.94,100196.07,25,72607.46,516030.0,463224.03,2022,Q3,8,August,2022-08,Product,CC1008,Asia Pacific,15.61,-9.84,99.57
2022-08-01,20220801,8,4,425588.01,272743.73,85383.34,20,67460.94,380843.72,417384.79,2022,Q3,8,August,2022-08,Product,CC1008,Latin America,15.85,11.75,98.07
2022-09-01,20220901,1,1,1127859.48,692290.51,167436.72,72,268132.26,1178797.05,1133653.36,2022,Q3,9,September,2022-09,Engineering,CC1001,North America,23.77,-4.32,99.49
2022-09-01,20220901,1,2,912893.32,593978.12,110093.77,62,208821.42,1012509.32,914195.35,2022,Q3,9,September,2022-09,Engineering,CC1001,Europe,22.87,-9.84,99.86
2022-09-01,20220901,1,3,856009.54,654228.98,146034.86,53,55745.7,850662.32,850312.91,2022,Q3,9,September,2022-09,Engineering,CC1001,Asia Pacific,6.51,0.63,99.33
2022-09-01,20220901,1,4,657700.32,453983.45,86163.04,44,117553.83,553192.46,667764.71,2022,Q3,9,September,2022-09,Engineering,CC1001,Latin America,17.87,18.89,98.47
2022-09-01,20220901,2,1,1539481.48,946996.55,73520.28,45,518964.65,1521836.72,1564222.43,2022,Q3,9,September,2022-09,Sales,CC1002,North America,33.71,1.16,98.39
2022-09-01,20220901,2,2,1180710.2,724241.41,67946.34,35,388522.45,1425261.3,1182682.51,2022,Q3,9,September,2022-09,Sales,CC1002,Europe,32.91,-17.16,99.83
2022-09-01,20220901,2,3,1330185.59,815820.04,70455.09,29,443910.46,1259752.86,1323559.61,2022,Q3,9,September,2022-09,Sales,CC1002,Asia Pacific,33.37,5.59,99.5
2022-09-01,20220901,2,4,989886.17,679749.33,59337.39,25,250799.45,1015279.86,982805.0,2022,Q3,9,September,2022-09,Sales,CC1002,Latin America,25.34,-2.5,99.28
2022-09-01,20220901,3,1,712307.57,477320.23,67598.94,26,167388.41,768260.36,708591.44,2022,Q3,9,September,2022-09,Marketing,CC1003,North America,23.5,-7.28,99.48
2022-09-01,20220901,3,2,641047.97,477290.69,68123.64,25,95633.63,662548.9,628441.47,2022,Q3,9,September,2022-09,Marketing,CC1003,Europe,14.92,-3.25,98.03
2022-09-01,20220901,3,3,533803.09,390923.68,53038.45,19,89840.96,701594.86,540304.7,2022,Q3,9,September,2022-09,Marketing,CC1003,Asia Pacific,16.83,-23.92,98.78
2022-09-01,20220901,3,4,490723.93,348258.84,40562.52,17,101902.57,441546.16,492367.14,2022,Q3,9,September,2022-09,Marketing,CC1003,Latin America,20.77,11.14,99.67
2022-09-01,20220901,4,1,562250.42,421884.26,75647.48,36,64718.68,537319.56,554161.31,2022,Q3,9,September,2022-09,Operations,CC1004,North America,11.51,4.64,98.56
2022-09-01,20220901,4,2,454182.01,328870.81,59783.14,28,65528.06,432438.29,448640.54,2022,Q3,9,September,2022-09,Operations,CC1004,Europe,14.43,5.03,98.78
2022-09-01,20220901,4,3,434337.37,325751.1,60631.31,28,47954.96,387472.29,436025.29,2022,Q3,9,September,2022-09,Operations,CC1004,Asia Pacific,11.04,12.1,99.61
2022-09-01,20220901,4,4,316382.92,246090.73,39162.74,21,31129.45,317254.93,312035.53,2022,Q3,9,September,2022-09,Operations,CC1004,Latin America,9.84,-0.27,98.63
2022-09-01,20220901,5,1,257172.11,191150.74,7008.28,20,59013.1,276370.08,255256.97,2022,Q3,9,September,2022-09,Finance,CC1005,North America,22.95,-6.95,99.26
2022-09-01,20220901,5,2,199249.24,128113.78,5797.8,19,65337.66,263817.98,199305.51,2022,Q3,9,September,2022-09,Finance,CC1005,Europe,32.79,-24.47,99.97
2022-09-01,20220901,5,3,176199.52,108432.18,5700.74,15,62066.6,175643.85,178467.77,2022,Q3,9,September,2022-09,Finance,CC1005,Asia Pacific,35.23,0.32,98.71
2022-09-01,20220901,5,4,158435.41,120291.81,4319.48,13,33824.12,153738.2,156940.17,2022,Q3,9,September,2022-09,Finance,CC1005,Latin America,21.35,3.06,99.06
2022-09-01,20220901,6,1,220006.47,160005.18,4091.26,13,55910.04,187899.15,217286.55,2022,Q3,9,September,2022-09,HR,CC1006,North America,25.41,17.09,98.76
2022-09-01,20220901,6,2,171459.55,110375.91,3559.92,11,57523.73,201336.83,172570.4,2022,Q3,9,September,2022-09,HR,CC1006,Europe,33.55,-14.84,99.35
2022-09-01,20220901,6,3,159575.46,120576.03,3524.51,10,35474.92,165776.37,156948.12,2022,Q3,9,September,2022-09,HR,CC1006,Asia Pacific,22.23,-3.74,98.35
2022-09-01,20220901,6,4,120168.24,80953.67,2338.33,7,36876.24,130844.02,119012.59,2022,Q3,9,September,2022-09,HR,CC1006,Latin America,30.69,-8.16,99.04
2022-09-01,20220901,7,1,334408.02,259446.16,24006.71,58,50955.14,451197.3,328241.26,2022,Q3,9,September,2022-09,Customer Support,CC1007,North America,15.24,-25.88,98.16
2022-09-01,20220901,7,2,340217.57,226110.46,31549.54,51,82557.57,327906.16,337840.0,2022,Q3,9,September,2022-09,Customer Support,CC1007,Europe,24.27,3.75,99.3
2022-09-01,20220901,7,3,326676.06,261089.81,29535.86,46,36050.39,286913.38,323396.35,2022,Q3,9,September,2022-09,Customer Support,CC1007,Asia Pacific,11.04,13.86,99.0
2022-09-01,20220901,7,4,232018.83,142332.23,15553.93,36,74132.67,247628.3,230409.91,2022,Q3,9,September,2022-09,Customer Support,CC1007,Latin America,31.95,-6.3,99.31
2022-09-01,20220901,8,1,696246.95,530075.79,159191.2,39,6979.96,807136.84,689047.66,2022,Q3,9,September,2022-09,Product,CC1008,North America,1.0,-13.74,98.97
2022-09-01,20220901,8,2,465536.83,317607.06,79330.48,27,68599.29,591092.94,462937.78,2022,Q3,9,September,2022-09,Product,CC1008,Europe,14.74,-21.24,99.44
2022-09-01,20220901,8,3,527369.04,376138.66,97575.0,27,53655.38,516030.0,521716.02,2022,Q3,9,September,2022-09,Product,CC1008,Asia Pacific,10.17,2.2,98.93
2022-09-01,20220901,8,4,322930.86,243125.17,67783.01,22,12022.68,380843.72,316975.21,2022,Q3,9,September,2022-09,Product,CC1008,Latin America,3.72,-15.21,98.16
2022-10-01,20221001,1,1,1168307.92,845744.22,179690.11,74,142873.59,1178797.05,1185338.73,2022,Q4,10,October,2022-10,Engineering,CC1001,North America,12.23,-0.89,98.54
2022-10-01,20221001,1,2,907228.7,649748.19,162793.8,63,94686.71,1012509.32,905134.59,2022,Q4,10,October,2022-10,Engineering,CC1001,Europe,10.44,-10.4,99.77
2022-10-01,20221001,1,3,845262.83,572958.11,113039.14,55,159265.59,850662.32,859739.89,2022,Q4,10,October,2022-10,Engineering,CC1001,Asia Pacific,18.84,-0.63,98.29
2022-10-01,20221001,1,4,698598.79,466930.19,105949.94,39,125718.65,553192.46,712448.68,2022,Q4,10,October,2022-10,Engineering,CC1001,Latin America,18.0,26.28,98.02
2022-10-01,20221001,2,1,1821214.02,1329307.36,102148.76,45,389757.89,1521836.72,1828000.46,2022,Q4,10,October,2022-10,Sales,CC1002,North America,21.4,19.67,99.63
2022-10-01,20221001,2,2,1148541.03,793587.72,61442.04,37,293511.27,1425261.3,1142712.07,2022,Q4,10,October,2022-10,Sales,CC1002,Europe,25.56,-19.42,99.49
2022-10-01,20221001,2,3,1351792.55,856321.93,67599.35,33,427871.28,1259752.86,1362452.02,2022,Q4,10,October,2022-10,Sales,CC1002,Asia Pacific,31.65,7.31,99.21
2022-10-01,20221001,2,4,969775.08,635258.58,41820.71,26,292695.79,1015279.86,973627.11,2022,Q4,10,October,2022-10,Sales,CC1002,Latin America,30.18,-4.48,99.6
2022-10-01,20221001,3,1,719205.95,532951.62,70630.97,30,115623.35,768260.36,728911.41,2022,Q4,10,October,2022-10,Marketing,CC1003,North America,16.08,-6.39,98.65
2022-10-01,20221001,3,2,597423.0,360741.32,66411.99,24,170269.69,662548.9,602193.77,2022,Q4,10,October,2022-10,Marketing,CC1003,Europe,28.5,-9.83,99.2
2022-10-01,20221001,3,3,657358.58,499962.08,77855.45,21,79541.05,701594.86,657056.08,2022,Q4,10,October,2022-10,Marketing,CC1003,Asia Pacific,12.1,-6.31,99.95
2022-10-01,20221001,3,4,450525.74,284163.8,46361.03,16,120000.91,441546.16,458118.13,2022,Q4,10,October,2022-10,Marketing,CC1003,Latin America,26.64,2.03,98.31
2022-10-01,20221001,4,1,543741.09,390714.97,61462.53,33,91563.6,537319.56,533556.69,2022,Q4,10,October,2022-10,Operations,CC1004,North America,16.84,1.2,98.13
2022-10-01,20221001,4,2,431916.67,266455.04,54045.15,32,111416.48,432438.29,438532.16,2022,Q4,10,October,2022-10,Operations,CC1004,Europe,25.8,-0.12,98.47
2022-10-01,20221001,4,3,416860.04,267726.84,57286.51,29,91846.68,387472.29,411801.92,2022,Q4,10,October,2022-10,Operations,CC1004,Asia Pacific,22.03,7.58,98.79
2022-10-01,20221001,4,4,331501.16,217897.01,44595.77,23,69008.38,317254.93,325269.28,2022,Q4,10,October,2022-10,Operations,CC1004,Latin America,20.82,4.49,98.12
2022-10-01,20221001,5,1,296871.09,215090.85,10592.54,21,71187.7,276370.08,300996.26,2022,Q4,10,October,2022-10,Finance,CC1005,North America,23.98,7.42,98.61
2022-10-01,20221001,5,2,192023.37,128090.31,4762.99,19,59170.08,263817.98,194458.03,2022,Q4,10,October,2022-10,Finance,CC1005,Europe,30.81,-27.21,98.73
2022-10-01,20221001,5,3,219978.49,173253.53,5504.13,15,41220.83,175643.85,216203.96,2022,Q4,10,October,2022-10,Finance,CC1005,Asia Pacific,18.74,25.24,98.28
2022-10-01,20221001,5,4,141304.88,91265.03,4186.76,12,45853.09,153738.2,139049.53,2022,Q4,10,October,2022-10,Finance,CC1005,Latin America,32.45,-8.09,98.4
2022-10-01,20221001,6,1,179093.37,112731.24,4259.67,15,62102.47,187899.15,182444.29,2022,Q4,10,October,2022-10,HR,CC1006,North America,34.68,-4.69,98.13
2022-10-01,20221001,6,2,162784.66,106733.62,3644.15,11,52406.89,201336.83,161478.37,2022,Q4,10,October,2022-10,HR,CC1006,Europe,32.19,-19.15,99.2
2022-10-01,20221001,6,3,137230.16,85897.27,2477.24,10,48855.65,165776.37,138185.25,2022,Q4,10,October,2022-10,HR,CC1006,Asia Pacific,35.6,-17.22,99.3
2022-10-01,20221001,6,4,100818.22,64735.52,2265.61,7,33817.09,130844.02,100183.65,2022,Q4,10,October,2022-10,HR,CC1006,Latin America,33.54,-22.95,99.37
2022-10-01,20221001,7,1,441402.64,278518.47,29418.42,57,133465.75,451197.3,437914.13,2022,Q4,10,October,2022-10,Customer Support,CC1007,North America,30.24,-2.17,99.21
2022-10-01,20221001,7,2,337870.44,257038.65,23106.54,49,57725.26,327906.16,337944.89,2022,Q4,10,October,2022-10,Customer Support,CC1007,Europe,17.09,3.04,99.98
2022-10-01,20221001,7,3,266544.14,193191.11,19392.82,43,53960.21,286913.38,262090.43,2022,Q4,10,October,2022-10,Customer Support,CC1007,Asia Pacific,20.24,-7.1,98.33
2022-10-01,20221001,7,4,229280.2,151621.32,20707.72,30,56951.16,247628.3,228533.73,2022,Q4,10,October,2022-10,Customer Support,CC1007,Latin America,24.84,-7.41,99.67
2022-10-01,20221001,8,1,654856.99,487869.25,134863.22,37,32124.52,807136.84,662114.09,2022,Q4,10,October,2022-10,Product,CC1008,North America,4.91,-18.87,98.89
2022-10-01,20221001,8,2,612652.07,406050.53,124393.99,32,82207.54,591092.94,624646.6,2022,Q4,10,October,2022-10,Product,CC1008,Europe,13.42,3.65,98.04
2022-10-01,20221001,8,3,555462.55,374544.76,97546.62,27,83371.17,516030.0,560831.46,2022,Q4,10,October,2022-10,Product,CC1008,Asia Pacific,15.01,7.64,99.03
2022-10-01,20221001,8,4,385961.49,268874.73,87635.81,20,29450.94,380843.72,391516.16,2022,Q4,10,October,2022-10,Product,CC1008,Latin America,7.63,1.34,98.56
2022-11-01,20221101,1,1,1081532.19,719918.25,159244.14,77,202369.8,1178797.05,1065352.55,2022,Q4,11,November,2022-11,Engineering,CC1001,North America,18.71,-8.25,98.5
2022-11-01,20221101,1,2,842755.97,666020.74,110004.51,61,66730.71,1012509.32,845429.68,2022,Q4,11,November,2022-11,Engineering,CC1001,Europe,7.92,-16.77,99.68
2022-11-01,20221101,1,3,831882.55,606399.99,111297.24,55,114185.32,850662.32,827629.07,2022,Q4,11,November,2022-11,Engineering,CC1001,Asia Pacific,13.73,-2.21,99.49
2022-11-01,20221101,1,4,680518.56,427532.18,104971.79,40,148014.59,553192.46,674493.06,2022,Q4,11,November,2022-11,Engineering,CC1001,Latin America,21.75,23.02,99.11
2022-11-01,20221101,2,1,1528121.37,972752.49,86360.59,42,469008.3,1521836.72,1554229.25,2022,Q4,11,November,2022-11,Sales,CC1002,North America,30.69,0.41,98.29
2022-11-01,20221101,2,2,1586872.14,1133426.75,68013.38,35,385432.02,1425261.3,1605770.66,2022,Q4,11,November,2022-11,Sales,CC1002,Europe,24.29,11.34,98.81
2022-11-01,20221101,2,3,1201923.1,742071.46,61461.18,35,398390.46,1259752.86,1216150.33,2022,Q4,11,November,2022-11,Sales,CC1002,Asia Pacific,33.15,-4.59,98.82
2022-11-01,20221101,2,4,878673.87,645432.46,39021.98,24,194219.43,1015279.86,891821.35,2022,Q4,11,November,2022-11,Sales,CC1002,Latin America,22.1,-13.46,98.5
2022-11-01,20221101,3,1,771811.12,503722.12,61765.06,31,206323.94,768260.36,780844.24,2022,Q4,11,November,2022-11,Marketing,CC1003,North America,26.73,0.46,98.83
2022-11-01,20221101,3,2,721963.36,541510.9,62148.01,24,118304.46,662548.9,717666.8,2022,Q4,11,November,2022-11,Marketing,CC1003,Europe,16.39,8.97,99.4
2022-11-01,20221101,3,3,549588.29,383187.3,64208.17,19,102192.82,701594.86,545003.87,2022,Q4,11,November,2022-11,Marketing,CC1003,Asia Pacific,18.59,-21.67,99.17
2022-11-01,20221101,3,4,444071.03,287593.43,51662.06,16,104815.55,441546.16,443472.41,2022,Q4,11,November,2022-11,Marketing,CC1003,Latin America,23.6,0.57,99.87
2022-11-01,20221101,4,1,599809.03,378418.58,71610.44,36,149780.01,537319.56,602134.15,2022,Q4,11,November,2022-11,Operations,CC1004,North America,24.97,11.63,99.61
2022-11-01,20221101,4,2,533078.49,401882.42,61356.03,32,69840.03,432438.29,526056.95,2022,Q4,11,November,2022-11,Operations,CC1004,Europe,13.1,23.27,98.68
2022-11-01,20221101,4,3,358467.2,229737.93,40270.12,27,88459.16,387472.29,360118.0,2022,Q4,11,November,2022-11,Operations,CC1004,Asia Pacific,24.68,-7.49,99.54
2022-11-01,20221101,4,4,364494.93,255864.8,43761.71,19,64868.42,317254.93,357714.03,2022,Q4,11,November,2022-11,Operations,CC1004,Latin America,17.8,14.89,98.14
2022-11-01,20221101,5,1,282429.2,194208.4,9622.41,20,78598.38,276370.08,277062.72,2022,Q4,11,November,2022-11,Finance,CC1005,North America,27.83,2.19,98.1
2022-11-01,20221101,5,2,228256.16,147794.88,5614.05,19,74847.23,263817.98,224709.9,2022,Q4,11,November,2022-11,Finance,CC1005,Europe,32.79,-13.48,98.45
2022-11-01,20221101,5,3,215399.28,141347.15,5618.03,16,68434.1,175643.85,217996.53,2022,Q4,11,November,2022-11,Finance,CC1005,Asia Pacific,31.77,22.63,98.79
2022-11-01,20221101,5,4,157007.33,117779.67,4004.6,13,35223.06,153738.2,155355.2,2022,Q4,11,November,2022-11,Finance,CC1005,Latin America,22.43,2.13,98.95
2022-11-01,20221101,6,1,219722.33,156696.36,5148.79,14,57877.17,187899.15,215909.4,2022,Q4,11,November,2022-11,HR,CC1006,North America,26.34,16.94,98.26
2022-11-01,20221101,6,2,148771.55,113865.54,3004.87,12,31901.14,201336.83,147191.16,2022,Q4,11,November,2022-11,HR,CC1006,Europe,21.44,-26.11,98.94
2022-11-01,20221101,6,3,149193.31,90414.24,3534.68,11,55244.39,165776.37,151778.56,2022,Q4,11,November,2022-11,HR,CC1006,Asia Pacific,37.03,-10.0,98.27
2022-11-01,20221101,6,4,113133.63,81715.59,2424.23,8,28993.8,130844.02,114708.94,2022,Q4,11,November,2022-11,HR,CC1006,Latin America,25.63,-13.54,98.61
2022-11-01,20221101,7,1,473212.09,367672.09,41477.11,55,64062.9,451197.3,469078.42,2022,Q4,11,November,2022-11,Customer Support,CC1007,North America,13.54,4.88,99.13
2022-11-01,20221101,7,2,396033.12,238434.47,34420.66,50,123177.98,327906.16,397976.68,2022,Q4,11,November,2022-11,Customer Support,CC1007,Europe,31.1,20.78,99.51
2022-11-01,20221101,7,3,358940.93,237753.82,26877.17,40,94309.94,286913.38,358119.64,2022,Q4,11,November,2022-11,Customer Support,CC1007,Asia Pacific,26.27,25.1,99.77
2022-11-01,20221101,7,4,225942.48,151082.62,20494.41,37,54365.46,247628.3,223102.23,2022,Q4,11,November,2022-11,Customer Support,CC1007,Latin America,24.06,-8.76,98.74
2022-11-01,20221101,8,1,668802.81,525495.83,110315.46,33,32991.51,807136.84,659781.76,2022,Q4,11,November,2022-11,Product,CC1008,North America,4.93,-17.14,98.65
2022-11-01,20221101,8,2,596052.75,375569.53,141530.41,30,78952.81,591092.94,596088.94,2022,Q4,11,November,2022-11,Product,CC1008,Europe,13.25,0.84,99.99
2022-11-01,20221101,8,3,481910.94,334538.74,102624.42,28,44747.77,516030.0,486804.61,2022,Q4,11,November,2022-11,Product,CC1008,Asia Pacific,9.29,-6.61,98.98
2022-11-01,20221101,8,4,415128.96,324162.56,93567.01,22,-2600.61,380843.72,407749.72,2022,Q4,11,November,2022-11,Product,CC1008,Latin America,-0.63,9.0,98.22
2022-12-01,20221201,1,1,1006116.45,646419.21,160788.89,72,198908.35,1178797.05,1002188.82,2022,Q4,12,December,2022-12,Engineering,CC1001,North America,19.77,-14.65,99.61
2022-12-01,20221201,1,2,1097530.05,855099.46,191574.44,59,50856.16,1012509.32,1105917.63,2022,Q4,12,December,2022-12,Engineering,CC1001,Europe,4.63,8.4,99.24
2022-12-01,20221201,1,3,824927.5,526404.36,108129.8,53,190393.34,850662.32,822616.31,2022,Q4,12,December,2022-12,Engineering,CC1001,Asia Pacific,23.08,-3.03,99.72
2022-12-01,20221201,1,4,757187.34,472468.41,124251.07,43,160467.86,553192.46,750764.73,2022,Q4,12,December,2022-12,Engineering,CC1001,Latin America,21.19,36.88,99.15
2022-12-01,20221201,2,1,1767384.61,1166453.37,91765.51,43,509165.74,1521836.72,1743659.63,2022,Q4,12,December,2022-12,Sales,CC1002,North America,28.81,16.13,98.66
2022-12-01,20221201,2,2,1306222.99,926555.08,75823.97,35,303843.93,1425261.3,1318396.99,2022,Q4,12,December,2022-12,Sales,CC1002,Europe,23.26,-8.35,99.07
2022-12-01,20221201,2,3,1391629.72,1094253.74,78515.22,33,218860.77,1259752.86,1400370.86,2022,Q4,12,December,2022-12,Sales,CC1002,Asia Pacific,15.73,10.47,99.37
2022-12-01,20221201,2,4,1156683.87,786433.71,53827.32,23,316422.84,1015279.86,1171792.52,2022,Q4,12,December,2022-12,Sales,CC1002,Latin America,27.36,13.93,98.69
2022-12-01,20221201,3,1,965564.55,599510.25,99524.89,29,266529.42,768260.36,950838.11,2022,Q4,12,December,2022-12,Marketing,CC1003,North America,27.6,25.68,98.47
2022-12-01,20221201,3,2,844397.81,542896.43,69822.72,25,231678.65,662548.9,852465.75,2022,Q4,12,December,2022-12,Marketing,CC1003,Europe,27.44,27.45,99.04
2022-12-01,20221201,3,3,571034.68,417850.93,57841.06,20,95342.69,701594.86,563554.67,2022,Q4,12,December,2022-12,Marketing,CC1003,Asia Pacific,16.7,-18.61,98.69
2022-12-01,20221201,3,4,527134.66,347524.87,61955.52,18,117654.27,441546.16,537330.86,2022,Q4,12,December,2022-12,Marketing,CC1003,Latin America,22.32,19.38,98.07
2022-12-01,20221201,4,1,547832.9,434949.04,63931.68,35,48952.18,537319.56,537979.57,2022,Q4,12,December,2022-12,Operations,CC1004,North America,8.94,1.96,98.2
2022-12-01,20221201,4,2,425988.15,314550.61,50258.33,29,61179.21,432438.29,427930.15,2022,Q4,12,December,2022-12,Operations,CC1004,Europe,14.36,-1.49,99.54
2022-12-01,20221201,4,3,409969.67,293344.1,46425.79,29,70199.77,387472.29,415228.7,2022,Q4,12,December,2022-12,Operations,CC1004,Asia Pacific,17.12,5.81,98.72
2022-12-01,20221201,4,4,342059.84,229236.13,38790.57,22,74033.14,317254.93,339708.93,2022,Q4,12,December,2022-12,Operations,CC1004,Latin America,21.64,7.82,99.31
2022-12-01,20221201,5,1,269434.3,166224.17,7975.34,22,95234.79,276370.08,273108.4,2022,Q4,12,December,2022-12,Finance,CC1005,North America,35.35,-2.51,98.64
2022-12-01,20221201,5,2,225427.42,152433.63,7597.1,19,65396.69,263817.98,224386.94,2022,Q4,12,December,2022-12,Finance,CC1005,Europe,29.01,-14.55,99.54
2022-12-01,20221201,5,3,218685.02,144475.83,7695.67,15,66513.52,175643.85,222479.2,2022,Q4,12,December,2022-12,Finance,CC1005,Asia Pacific,30.42,24.5,98.27
2022-12-01,20221201,5,4,181698.54,128336.3,4431.97,12,48930.27,153738.2,181028.06,2022,Q4,12,December,2022-12,Finance,CC1005,Latin America,26.93,18.19,99.63
2022-12-01,20221201,6,1,198898.15,145450.62,4727.65,14,48719.88,187899.15,200606.71,2022,Q4,12,December,2022-12,HR,CC1006,North America,24.49,5.85,99.14
2022-12-01,20221201,6,2,160613.73,109784.85,2719.33,12,48109.55,201336.83,163430.78,2022,Q4,12,December,2022-12,HR,CC1006,Europe,29.95,-20.23,98.25
2022-12-01,20221201,6,3,174108.96,107139.79,3279.75,11,63689.42,165776.37,173434.86,2022,Q4,12,December,2022-12,HR,CC1006,Asia Pacific,36.58,5.03,99.61
2022-12-01,20221201,6,4,142077.04,108395.43,2968.65,8,30712.96,130844.02,140686.59,2022,Q4,12,December,2022-12,HR,CC1006,Latin America,21.62,8.59,99.02
2022-12-01,20221201,7,1,390444.34,261980.17,30150.71,61,98313.47,451197.3,392914.45,2022,Q4,12,December,2022-12,Customer Support,CC1007,North America,25.18,-13.46,99.37
2022-12-01,20221201,7,2,321410.97,218254.72,22439.93,45,80716.33,327906.16,325618.91,2022,Q4,12,December,2022-12,Customer Support,CC1007,Europe,25.11,-1.98,98.69
2022-12-01,20221201,7,3,286461.01,195892.52,19875.39,47,70693.11,286913.38,287114.61,2022,Q4,12,December,2022-12,Customer Support,CC1007,Asia Pacific,24.68,-0.16,99.77
2022-12-01,20221201,7,4,237484.69,166354.57,20757.96,37,50372.16,247628.3,234829.09,2022,Q4,12,December,2022-12,Customer Support,CC1007,Latin America,21.21,-4.1,98.88
2022-12-01,20221201,8,1,823500.64,647980.39,192133.94,37,-16613.69,807136.84,827776.94,2022,Q4,12,December,2022-12,Product,CC1008,North America,-2.02,2.03,99.48
2022-12-01,20221201,8,2,597142.36,448143.15,120923.43,31,28075.78,591092.94,595433.53,2022,Q4,12,December,2022-12,Product,CC1008,Europe,4.7,1.02,99.71
2022-12-01,20221201,8,3,591939.99,452771.52,101644.92,29,37523.55,516030.0,592894.11,2022,Q4,12,December,2022-12,Product,CC1008,Asia Pacific,6.34,14.71,99.84
2022-12-01,20221201,8,4,475013.6,325983.0,90406.13,23,58624.48,380843.72,470285.68,2022,Q4,12,December,2022-12,Product,CC1008,Latin America,12.34,24.73,99.0
2023-01-01,20230101,1,1,1378991.36,960886.85,208014.95,71,210089.55,1389063.82,1369350.07,2023,Q1,1,January,2023-01,Engineering,CC1001,North America,15.24,-0.73,99.3
2023-01-01,20230101,1,2,897630.91,587409.41,108059.27,67,202162.22,939437.82,893866.43,2023,Q1,1,January,2023-01,Engineering,CC1001,Europe,22.52,-4.45,99.58
2023-01-01,20230101,1,3,1001665.19,670275.5,160532.46,59,170857.23,1046415.21,997667.04,2023,Q1,1,January,2023-01,Engineering,CC1001,Asia Pacific,17.06,-4.28,99.6
2023-01-01,20230101,1,4,791087.47,516727.01,141936.86,39,132423.59,799277.5,796134.79,2023,Q1,1,January,2023-01,Engineering,CC1001,Latin America,16.74,-1.02,99.36
2023-01-01,20230101,2,1,1980648.86,1236078.42,116403.91,41,628166.53,2004961.99,1958677.6,2023,Q1,1,January,2023-01,Sales,CC1002,North America,31.72,-1.21,98.89
2023-01-01,20230101,2,2,1472038.48,1044104.69,71164.03,34,356769.76,1423599.05,1467218.72,2023,Q1,1,January,2023-01,Sales,CC1002,Europe,24.24,3.4,99.67
2023-01-01,20230101,2,3,1514694.31,1180844.97,63136.33,32,270713.01,1454143.73,1485405.73,2023,Q1,1,January,2023-01,Sales,CC1002,Asia Pacific,17.87,4.16,98.07
2023-01-01,20230101,2,4,1146740.55,826214.97,49608.43,24,270917.14,1092122.18,1162104.45,2023,Q1,1,January,2023-01,Sales,CC1002,Latin America,23.62,5.0,98.66
2023-01-01,20230101,3,1,1070938.19,671576.67,95590.88,31,303770.64,1116609.82,1067495.22,2023,Q1,1,January,2023-01,Marketing,CC1003,North America,28.36,-4.09,99.68
2023-01-01,20230101,3,2,675883.88,410855.19,69587.65,24,195441.04,644026.26,678134.64,2023,Q1,1,January,2023-01,Marketing,CC1003,Europe,28.92,4.95,99.67
2023-01-01,20230101,3,3,600001.98,454486.13,55354.57,20,90161.27,605303.13,597546.39,2023,Q1,1,January,2023-01,Marketing,CC1003,Asia Pacific,15.03,-0.88,99.59
2023-01-01,20230101,3,4,624567.91,442718.55,56841.65,18,125007.7,610296.03,634667.0,2023,Q1,1,January,2023-01,Marketing,CC1003,Latin America,20.02,2.34,98.38
2023-01-01,20230101,4,1,601471.87,427029.22,59201.38,36,115241.28,621462.6,608825.44,2023,Q1,1,January,2023-01,Operations,CC1004,North America,19.16,-3.22,98.78
2023-01-01,20230101,4,2,477727.53,308237.36,64603.41,33,104886.77,458396.81,476773.2,2023,Q1,1,January,2023-01,Operations,CC1004,Europe,21.96,4.22,99.8
2023-01-01,20230101,4,3,445863.47,345159.72,44590.45,26,56113.31,457120.11,437861.0,2023,Q1,1,January,2023-01,Operations,CC1004,Asia Pacific,12.59,-2.46,98.21
2023-01-01,20230101,4,4,363743.61,250408.89,40757.93,21,72576.79,364832.68,358816.59,2023,Q1,1,January,2023-01,Operations,CC1004,Latin America,19.95,-0.3,98.65
2023-01-01,20230101,5,1,319229.18,242961.01,10573.49,20,65694.69,308032.2,316268.96,2023,Q1,1,January,2023-01,Finance,CC1005,North America,20.58,3.64,99.07
2023-01-01,20230101,5,2,249547.16,170114.08,8024.53,16,71408.55,237935.05,248468.22,2023,Q1,1,January,2023-01,Finance,CC1005,Europe,28.62,4.88,99.57
2023-01-01,20230101,5,3,248222.18,158536.3,7868.16,15,81817.73,257805.7,252150.95,2023,Q1,1,January,2023-01,Finance,CC1005,Asia Pacific,32.96,-3.72,98.42
2023-01-01,20230101,5,4,171194.85,110591.66,4953.63,12,55649.56,174145.98,173427.68,2023,Q1,1,January,2023-01,Finance,CC1005,Latin America,32.51,-1.69,98.7
2023-01-01,20230101,6,1,246529.76,188563.24,4727.44,13,53239.08,252395.96,245153.87,2023,Q1,1,January,2023-01,HR,CC1006,North America,21.6,-2.32,99.44
2023-01-01,20230101,6,2,205334.76,134315.38,3418.79,13,67600.59,198275.38,209346.35,2023,Q1,1,January,2023-01,HR,CC1006,Europe,32.92,3.56,98.05
2023-01-01,20230101,6,3,200937.45,152464.03,4275.02,11,44198.4,208293.8,199245.07,2023,Q1,1,January,2023-01,HR,CC1006,Asia Pacific,22.0,-3.53,99.16
2023-01-01,20230101,6,4,135384.51,98001.87,2611.5,8,34771.14,133086.83,135732.35,2023,Q1,1,January,2023-01,HR,CC1006,Latin America,25.68,1.73,99.74
2023-01-01,20230101,7,1,518016.39,331688.83,48642.7,61,137684.85,534762.47,519180.7,2023,Q1,1,January,2023-01,Customer Support,CC1007,North America,26.58,-3.13,99.78
2023-01-01,20230101,7,2,423353.77,255383.96,38181.5,45,129788.3,439860.9,431684.74,2023,Q1,1,January,2023-01,Customer Support,CC1007,Europe,30.66,-3.75,98.03
2023-01-01,20230101,7,3,329821.94,211766.7,29186.48,42,88868.76,341878.99,324582.29,2023,Q1,1,January,2023-01,Customer Support,CC1007,Asia Pacific,26.94,-3.53,98.41
2023-01-01,20230101,7,4,242738.6,193178.74,20769.41,37,28790.46,238474.4,244452.18,2023,Q1,1,January,2023-01,Customer Support,CC1007,Latin America,11.86,1.79,99.29
2023-01-01,20230101,8,1,803286.51,578872.38,172387.37,37,52026.76,797588.19,796086.58,2023,Q1,1,January,2023-01,Product,CC1008,North America,6.48,0.71,99.1
2023-01-01,20230101,8,2,703453.93,453906.81,151515.78,29,98031.35,712270.33,710406.26,2023,Q1,1,January,2023-01,Product,CC1008,Europe,13.94,-1.24,99.01
2023-01-01,20230101,8,3,536458.34,328306.42,91454.29,28,116697.63,555204.68,526694.73,2023,Q1,1,January,2023-01,Product,CC1008,Asia Pacific,21.75,-3.38,98.18
2023-01-01,20230101,8,4,487710.82,325919.45,96704.41,23,65086.96,479515.89,487034.6,2023,Q1,1,January,2023-01,Product,CC1008,Latin America,13.35,1.71,99.86
2023-02-01,20230201,1,1,1113686.84,686387.19,150921.82,67,276377.83,1389063.82,1119539.27,2023,Q1,2,February,2023-02,Engineering,CC1001,North America,24.82,-19.82,99.47
2023-02-01,20230201,1,2,1062609.82,754058.79,138648.09,59,169902.95,939437.82,1069573.08,2023,Q1,2,February,2023-02,Engineering,CC1001,Europe,15.99,13.11,99.34
2023-02-01,20230201,1,3,1114454.05,679909.86,193272.03,57,241272.15,1046415.21,1117303.47,2023,Q1,2,February,2023-02,Engineering,CC1001,Asia Pacific,21.65,6.5,99.74
2023-02-01,20230201,1,4,760685.34,466968.61,95384.32,44,198332.4,799277.5,755846.12,2023,Q1,2,February,2023-02,Engineering,CC1001,Latin America,26.07,-4.83,99.36
2023-02-01,20230201,2,1,2200723.02,1499392.45,94335.38,46,606995.2,2004961.99,2182532.15,2023,Q1,2,February,2023-02,Sales,CC1002,North America,27.58,9.76,99.17
2023-02-01,20230201,2,2,1642358.06,1214633.09,95265.44,39,332459.52,1423599.05,1653943.98,2023,Q1,2,February,2023-02,Sales,CC1002,Europe,20.24,15.37,99.29
2023-02-01,20230201,2,3,1545965.33,1220052.54,70985.29,30,254927.5,1454143.73,1531863.31,2023,Q1,2,February,2023-02,Sales,CC1002,Asia Pacific,16.49,6.31,99.09
2023-02-01,20230201,2,4,1044372.59,764863.93,55011.52,26,224497.13,1092122.18,1024163.7,2023,Q1,2,February,2023-02,Sales,CC1002,Latin America,21.5,-4.37,98.06
2023-02-01,20230201,3,1,1045061.81,694658.94,111405.93,30,238996.94,1116609.82,1038487.57,2023,Q1,2,February,2023-02,Marketing,CC1003,North America,22.87,-6.41,99.37
2023-02-01,20230201,3,2,725611.08,449068.92,82183.24,27,194358.91,644026.26,729958.59,2023,Q1,2,February,2023-02,Marketing,CC1003,Europe,26.79,12.67,99.4
2023-02-01,20230201,3,3,646197.54,439676.32,70537.35,23,135983.86,605303.13,636329.29,2023,Q1,2,February,2023-02,Marketing,CC1003,Asia Pacific,21.04,6.76,98.47
2023-02-01,20230201,3,4,484901.64,360004.27,45708.69,16,79188.68,610296.03,475453.77,2023,Q1,2,February,2023-02,Marketing,CC1003,Latin America,16.33,-20.55,98.05
2023-02-01,20230201,4,1,659843.62,508231.45,93675.57,37,57936.6,621462.6,660225.31,2023,Q1,2,February,2023-02,Operations,CC1004,North America,8.78,6.18,99.94
2023-02-01,20230201,4,2,475669.45,337618.08,54340.0,31,83711.38,458396.81,473552.27,2023,Q1,2,February,2023-02,Operations,CC1004,Europe,17.6,3.77,99.55
2023-02-01,20230201,4,3,450875.27,279088.66,50099.5,25,121687.11,457120.11,445048.11,2023,Q1,2,February,2023-02,Operations,CC1004,Asia Pacific,26.99,-1.37,98.71
2023-02-01,20230201,4,4,435912.66,300265.67,52976.4,23,82670.59,364832.68,444553.65,2023,Q1,2,February,2023-02,Operations,CC1004,Latin America,18.96,19.48,98.02
2023-02-01,20230201,5,1,334069.76,254726.44,9328.33,21,70014.99,308032.2,332769.61,2023,Q1,2,February,2023-02,Finance,CC1005,North America,20.96,8.45,99.61
2023-02-01,20230201,5,2,285709.15,210407.17,7937.82,17,67364.16,237935.05,287222.22,2023,Q1,2,February,2023-02,Finance,CC1005,Europe,23.58,20.08,99.47
2023-02-01,20230201,5,3,217224.88,155467.52,7020.94,17,54736.42,257805.7,219427.3,2023,Q1,2,February,2023-02,Finance,CC1005,Asia Pacific,25.2,-15.74,98.99
2023-02-01,20230201,5,4,211425.82,147996.34,6926.94,13,56502.54,174145.98,208775.72,2023,Q1,2,February,2023-02,Finance,CC1005,Latin America,26.72,21.41,98.75
2023-02-01,20230201,6,1,209696.96,137751.67,4098.37,15,67846.92,252395.96,212632.38,2023,Q1,2,February,2023-02,HR,CC1006,North America,32.35,-16.92,98.6
2023-02-01,20230201,6,2,185172.09,115752.92,4390.03,11,65029.14,198275.38,185012.78,2023,Q1,2,February,2023-02,HR,CC1006,Europe,35.12,-6.61,99.91
2023-02-01,20230201,6,3,188070.98,133205.95,3138.58,10,51726.45,208293.8,185103.09,2023,Q1,2,February,2023-02,HR,CC1006,Asia Pacific,27.5,-9.71,98.42
2023-02-01,20230201,6,4,146278.45,103692.26,2613.99,8,39972.21,133086.83,148151.21,2023,Q1,2,February,2023-02,HR,CC1006,Latin America,27.33,9.91,98.72
2023-02-01,20230201,7,1,421724.75,295049.59,36292.76,57,90382.39,534762.47,418482.03,2023,Q1,2,February,2023-02,Customer Support,CC1007,North America,21.43,-21.14,99.23
2023-02-01,20230201,7,2,421367.37,328492.55,37888.33,50,54986.49,439860.9,425247.68,2023,Q1,2,February,2023-02,Customer Support,CC1007,Europe,13.05,-4.2,99.08
2023-02-01,20230201,7,3,351856.33,256219.35,27767.73,42,67869.24,341878.99,354695.64,2023,Q1,2,February,2023-02,Customer Support,CC1007,Asia Pacific,19.29,2.92,99.19
2023-02-01,20230201,7,4,290064.84,194843.61,27023.27,31,68197.97,238474.4,287927.33,2023,Q1,2,February,2023-02,Customer Support,CC1007,Latin America,23.51,21.63,99.26
2023-02-01,20230201,8,1,706615.8,532297.54,152748.15,36,21570.11,797588.19,711580.85,2023,Q1,2,February,2023-02,Product,CC1008,North America,3.05,-11.41,99.3
2023-02-01,20230201,8,2,657925.05,494266.69,129173.51,30,34484.84,712270.33,669365.84,2023,Q1,2,February,2023-02,Product,CC1008,Europe,5.24,-7.63,98.26
2023-02-01,20230201,8,3,565534.08,352943.86,116931.78,30,95658.44,555204.68,562770.64,2023,Q1,2,February,2023-02,Product,CC1008,Asia Pacific,16.91,1.86,99.51
2023-02-01,20230201,8,4,412927.79,275778.39,82781.51,20,54367.9,479515.89,415539.18,2023,Q1,2,February,2023-02,Product,CC1008,Latin America,13.17,-13.89,99.37
2023-03-01,20230301,1,1,1529245.63,1055711.5,216057.5,74,257476.63,1389063.82,1505704.19,2023,Q1,3,March,2023-03,Engineering,CC1001,North America,16.84,10.09,98.46
2023-03-01,20230301,1,2,1236292.13,844344.42,177082.11,65,214865.6,939437.82,1233425.59,2023,Q1,3,March,2023-03,Engineering,CC1001,Europe,17.38,31.6,99.77
2023-03-01,20230301,1,3,1042297.54,638187.59,175964.22,61,228145.74,1046415.21,1048499.85,2023,Q1,3,March,2023-03,Engineering,CC1001,Asia Pacific,21.89,-0.39,99.4
2023-03-01,20230301,1,4,882004.77,555915.67,131105.57,44,194983.53,799277.5,884888.45,2023,Q1,3,March,2023-03,Engineering,CC1001,Latin America,22.11,10.35,99.67
2023-03-01,20230301,2,1,1936840.04,1293067.11,82386.36,44,561386.57,2004961.99,1910705.16,2023,Q1,3,March,2023-03,Sales,CC1002,North America,28.98,-3.4,98.65
2023-03-01,20230301,2,2,1780139.1,1142433.08,73290.65,38,564415.36,1423599.05,1786919.98,2023,Q1,3,March,2023-03,Sales,CC1002,Europe,31.71,25.04,99.62
2023-03-01,20230301,2,3,1663892.77,1190342.77,78052.57,36,395497.43,1454143.73,1666573.56,2023,Q1,3,March,2023-03,Sales,CC1002,Asia Pacific,23.77,14.42,99.84
2023-03-01,20230301,2,4,1017294.38,725503.95,59166.22,25,232624.22,1092122.18,1009006.52,2023,Q1,3,March,2023-03,Sales,CC1002,Latin America,22.87,-6.85,99.19
2023-03-01,20230301,3,1,891183.31,561703.13,86721.81,30,242758.37,1116609.82,876233.37,2023,Q1,3,March,2023-03,Marketing,CC1003,North America,27.24,-20.19,98.32
2023-03-01,20230301,3,2,941263.57,706914.1,97387.79,26,136961.68,644026.26,925457.38,2023,Q1,3,March,2023-03,Marketing,CC1003,Europe,14.55,46.15,98.32
2023-03-01,20230301,3,3,743239.59,539605.78,84094.67,23,119539.13,605303.13,736611.95,2023,Q1,3,March,2023-03,Marketing,CC1003,Asia Pacific,16.08,22.79,99.11
2023-03-01,20230301,3,4,659113.55,411859.74,75801.58,19,171452.23,610296.03,650601.85,2023,Q1,3,March,2023-03,Marketing,CC1003,Latin America,26.01,8.0,98.71
2023-03-01,20230301,4,1,709600.83,431477.83,81930.72,37,196192.28,621462.6,711889.87,2023,Q1,3,March,2023-03,Operations,CC1004,North America,27.65,14.18,99.68
2023-03-01,20230301,4,2,626905.08,460430.52,74665.24,33,91809.32,458396.81,638202.74,2023,Q1,3,March,2023-03,Operations,CC1004,Europe,14.64,36.76,98.2
2023-03-01,20230301,4,3,427419.04,340441.08,42799.32,30,44178.63,457120.11,423663.47,2023,Q1,3,March,2023-03,Operations,CC1004,Asia Pacific,10.34,-6.5,99.12
2023-03-01,20230301,4,4,345256.88,237526.77,43816.52,21,63913.59,364832.68,339105.31,2023,Q1,3,March,2023-03,Operations,CC1004,Latin America,18.51,-5.37,98.22
2023-03-01,20230301,5,1,342565.43,267365.69,9796.89,21,65402.85,308032.2,341778.59,2023,Q1,3,March,2023-03,Finance,CC1005,North America,19.09,11.21,99.77
2023-03-01,20230301,5,2,239641.84,183109.74,8127.71,19,48404.39,237935.05,238233.74,2023,Q1,3,March,2023-03,Finance,CC1005,Europe,20.2,0.72,99.41
2023-03-01,20230301,5,3,271916.99,193315.96,9221.03,17,69380.0,257805.7,275010.37,2023,Q1,3,March,2023-03,Finance,CC1005,Asia Pacific,25.52,5.47,98.86
2023-03-01,20230301,5,4,199777.55,136413.75,7091.17,13,56272.63,174145.98,200617.33,2023,Q1,3,March,2023-03,Finance,CC1005,Latin America,28.17,14.72,99.58
2023-03-01,20230301,6,1,228560.18,165735.88,4702.14,14,58122.16,252395.96,224533.74,2023,Q1,3,March,2023-03,HR,CC1006,North America,25.43,-9.44,98.24
2023-03-01,20230301,6,2,214408.89,161393.82,4328.32,11,48686.76,198275.38,215837.04,2023,Q1,3,March,2023-03,HR,CC1006,Europe,22.71,8.14,99.33
2023-03-01,20230301,6,3,163540.07,112575.55,2830.38,10,48134.15,208293.8,161592.6,2023,Q1,3,March,2023-03,HR,CC1006,Asia Pacific,29.43,-21.49,98.81
2023-03-01,20230301,6,4,140583.74,85788.42,2696.73,8,52098.59,133086.83,140489.8,2023,Q1,3,March,2023-03,HR,CC1006,Latin America,37.06,5.63,99.93
2023-03-01,20230301,7,1,481414.19,369643.93,33049.3,60,78720.96,534762.47,472980.61,2023,Q1,3,March,2023-03,Customer Support,CC1007,North America,16.35,-9.98,98.25
2023-03-01,20230301,7,2,362305.96,258966.58,29749.88,54,73589.5,439860.9,363144.68,2023,Q1,3,March,2023-03,Customer Support,CC1007,Europe,20.31,-17.63,99.77
2023-03-01,20230301,7,3,425838.9,259650.57,28589.23,41,137599.1,341878.99,420478.04,2023,Q1,3,March,2023-03,Customer Support,CC1007,Asia Pacific,32.31,24.56,98.74
2023-03-01,20230301,7,4,294663.62,214843.5,19288.31,38,60531.82,238474.4,298696.57,2023,Q1,3,March,2023-03,Customer Support,CC1007,Latin America,20.54,23.56,98.63
2023-03-01,20230301,8,1,780858.88,480569.84,135550.05,34,164738.99,797588.19,769092.39,2023,Q1,3,March,2023-03,Product,CC1008,North America,21.1,-2.1,98.49
2023-03-01,20230301,8,2,696858.98,452379.58,131463.27,34,113016.12,712270.33,701996.62,2023,Q1,3,March,2023-03,Product,CC1008,Europe,16.22,-2.16,99.26
2023-03-01,20230301,8,3,707708.77,444802.97,134868.88,28,128036.92,555204.68,695727.49,2023,Q1,3,March,2023-03,Product,CC1008,Asia Pacific,18.09,27.47,98.31
2023-03-01,20230301,8,4,412944.4,303137.06,87273.97,21,22533.37,479515.89,412773.34,2023,Q1,3,March,2023-03,Product,CC1008,Latin America,5.46,-13.88,99.96
2023-04-01,20230401,1,1,1291179.84,780906.87,180923.08,71,329349.89,1389063.82,1270439.58,2023,Q2,4,April,2023-04,Engineering,CC1001,North America,25.51,-7.05,98.39
2023-04-01,20230401,1,2,1255252.37,903620.96,205509.14,61,146122.27,939437.82,1249887.28,2023,Q2,4,April,2023-04,Engineering,CC1001,Europe,11.64,33.62,99.57
2023-04-01,20230401,1,3,915172.51,566851.57,119651.39,60,228669.55,1046415.21,921671.91,2023,Q2,4,April,2023-04,Engineering,CC1001,Asia Pacific,24.99,-12.54,99.29
2023-04-01,20230401,1,4,783671.6,544665.85,137413.73,40,101592.03,799277.5,776794.12,2023,Q2,4,April,2023-04,Engineering,CC1001,Latin America,12.96,-1.95,99.12
2023-04-01,20230401,2,1,1897718.63,1435595.99,113579.02,43,348543.63,2004961.99,1926131.83,2023,Q2,4,April,2023-04,Sales,CC1002,North America,18.37,-5.35,98.5
2023-04-01,20230401,2,2,1820233.9,1173926.14,87346.93,37,558960.83,1423599.05,1855052.84,2023,Q2,4,April,2023-04,Sales,CC1002,Europe,30.71,27.86,98.09
2023-04-01,20230401,2,3,1347705.96,1024029.57,62916.11,35,260760.28,1454143.73,1343393.89,2023,Q2,4,April,2023-04,Sales,CC1002,Asia Pacific,19.35,-7.32,99.68
2023-04-01,20230401,2,4,1186437.69,909431.01,66539.35,28,210467.32,1092122.18,1165538.23,2023,Q2,4,April,2023-04,Sales,CC1002,Latin America,17.74,8.64,98.24
2023-04-01,20230401,3,1,1050835.18,659921.84,101545.09,30,289368.25,1116609.82,1046746.99,2023,Q2,4,April,2023-04,Marketing,CC1003,North America,27.54,-5.89,99.61
2023-04-01,20230401,3,2,832862.62,665711.48,71133.71,26,96017.44,644026.26,829397.95,2023,Q2,4,April,2023-04,Marketing,CC1003,Europe,11.53,29.32,99.58
2023-04-01,20230401,3,3,663148.57,418942.35,78232.25,24,165973.97,605303.13,673945.74,2023,Q2,4,April,2023-04,Marketing,CC1003,Asia Pacific,25.03,9.56,98.37
2023-04-01,20230401,3,4,665060.6,426744.83,62660.4,18,175655.37,610296.03,664629.71,2023,Q2,4,April,2023-04,Marketing,CC1003,Latin America,26.41,8.97,99.94
2023-04-01,20230401,4,1,646175.45,433947.04,80449.79,38,131778.62,621462.6,637425.14,2023,Q2,4,April,2023-04,Operations,CC1004,North America,20.39,3.98,98.65
2023-04-01,20230401,4,2,547314.26,388973.15,67524.23,29,90816.88,458396.81,552618.2,2023,Q2,4,April,2023-04,Operations,CC1004,Europe,16.59,19.4,99.03
2023-04-01,20230401,4,3,426031.11,285852.55,56853.94,28,83324.62,457120.11,421961.02,2023,Q2,4,April,2023-04,Operations,CC1004,Asia Pacific,19.56,-6.8,99.04
2023-04-01,20230401,4,4,408994.59,291808.72,54895.13,23,62290.74,364832.68,410795.93,2023,Q2,4,April,2023-04,Operations,CC1004,Latin America,15.23,12.1,99.56
2023-04-01,20230401,5,1,330021.8,206803.68,8955.47,22,114262.65,308032.2,331332.64,2023,Q2,4,April,2023-04,Finance,CC1005,North America,34.62,7.14,99.6
2023-04-01,20230401,5,2,277132.04,182252.26,6672.67,19,88207.12,237935.05,274755.65,2023,Q2,4,April,2023-04,Finance,CC1005,Europe,31.83,16.47,99.14
2023-04-01,20230401,5,3,265880.16,160801.47,8247.05,18,96831.64,257805.7,262417.44,2023,Q2,4,April,2023-04,Finance,CC1005,Asia Pacific,36.42,3.13,98.7
2023-04-01,20230401,5,4,191554.75,118435.32,6035.54,13,67083.9,174145.98,190844.97,2023,Q2,4,April,2023-04,Finance,CC1005,Latin America,35.02,10.0,99.63
2023-04-01,20230401,6,1,249990.34,194821.2,4392.42,13,50776.72,252395.96,253606.85,2023,Q2,4,April,2023-04,HR,CC1006,North America,20.31,-0.95,98.55
2023-04-01,20230401,6,2,211786.7,164797.95,4399.99,13,42588.77,198275.38,211190.93,2023,Q2,4,April,2023-04,HR,CC1006,Europe,20.11,6.81,99.72
2023-04-01,20230401,6,3,200262.53,156727.11,4120.8,10,39414.61,208293.8,198410.48,2023,Q2,4,April,2023-04,HR,CC1006,Asia Pacific,19.68,-3.86,99.08
2023-04-01,20230401,6,4,131798.67,85586.29,2431.86,8,43780.52,133086.83,132262.56,2023,Q2,4,April,2023-04,HR,CC1006,Latin America,33.22,-0.97,99.65
2023-04-01,20230401,7,1,485840.32,351303.44,32362.02,55,102174.87,534762.47,479462.78,2023,Q2,4,April,2023-04,Customer Support,CC1007,North America,21.03,-9.15,98.69
2023-04-01,20230401,7,2,416240.77,267559.12,30412.67,49,118268.97,439860.9,421433.22,2023,Q2,4,April,2023-04,Customer Support,CC1007,Europe,28.41,-5.37,98.75
2023-04-01,20230401,7,3,318256.1,232287.42,27180.36,48,58788.33,341878.99,323765.15,2023,Q2,4,April,2023-04,Customer Support,CC1007,Asia Pacific,18.47,-6.91,98.27
2023-04-01,20230401,7,4,248078.13,156476.95,22911.87,35,68689.31,238474.4,248719.07,2023,Q2,4,April,2023-04,Customer Support,CC1007,Latin America,27.69,4.03,99.74
2023-04-01,20230401,8,1,868486.66,639044.05,203694.19,41,25748.41,797588.19,876134.81,2023,Q2,4,April,2023-04,Product,CC1008,North America,2.96,8.89,99.12
2023-04-01,20230401,8,2,645947.87,501223.56,105895.19,30,38829.12,712270.33,656215.49,2023,Q2,4,April,2023-04,Product,CC1008,Europe,6.01,-9.31,98.41
2023-04-01,20230401,8,3,575572.32,370743.52,98451.66,30,106377.14,555204.68,575573.66,2023,Q2,4,April,2023-04,Product,CC1008,Asia Pacific,18.48,3.67,100.0
2023-04-01,20230401,8,4,508336.58,329307.19,112161.03,23,66868.37,479515.89,504526.05,2023,Q2,4,April,2023-04,Product,CC1008,Latin America,13.15,6.01,99.25
2023-05-01,20230501,1,1,1255667.75,806060.91,224254.3,79,225352.53,1389063.82,1277493.46,2023,Q2,5,May,2023-05,Engineering,CC1001,North America,17.95,-9.6,98.26
2023-05-01,20230501,1,2,1011780.04,765288.35,167906.43,66,78585.26,939437.82,1030625.01,2023,Q2,5,May,2023-05,Engineering,CC1001,Europe,7.77,7.7,98.14
2023-05-01,20230501,1,3,936778.69,586557.85,150168.0,60,200052.84,1046415.21,939591.29,2023,Q2,5,May,2023-05,Engineering,CC1001,Asia Pacific,21.36,-10.48,99.7
2023-05-01,20230501,1,4,686441.83,481121.03,95231.02,44,110089.77,799277.5,690429.19,2023,Q2,5,May,2023-05,Engineering,CC1001,Latin America,16.04,-14.12,99.42
2023-05-01,20230501,2,1,2077733.64,1343140.4,99952.51,43,634640.74,2004961.99,2052687.11,2023,Q2,5,May,2023-05,Sales,CC1002,North America,30.54,3.63,98.79
2023-05-01,20230501,2,2,1749914.07,1368171.26,82954.05,40,298788.76,1423599.05,1777702.38,2023,Q2,5,May,2023-05,Sales,CC1002,Europe,17.07,22.92,98.41
2023-05-01,20230501,2,3,1602241.86,1019927.37,94733.89,33,487580.6,1454143.73,1591938.85,2023,Q2,5,May,2023-05,Sales,CC1002,Asia Pacific,30.43,10.18,99.36
2023-05-01,20230501,2,4,980760.74,683820.45,41368.76,25,255571.53,1092122.18,973579.32,2023,Q2,5,May,2023-05,Sales,CC1002,Latin America,26.06,-10.2,99.27
2023-05-01,20230501,3,1,1057333.52,819536.81,97378.99,32,140417.72,1116609.82,1072442.01,2023,Q2,5,May,2023-05,Marketing,CC1003,North America,13.28,-5.31,98.57
2023-05-01,20230501,3,2,870424.36,547792.01,93668.9,27,228963.44,644026.26,876779.87,2023,Q2,5,May,2023-05,Marketing,CC1003,Europe,26.3,35.15,99.27
2023-05-01,20230501,3,3,689098.27,482448.63,72926.58,23,133723.06,605303.13,678622.68,2023,Q2,5,May,2023-05,Marketing,CC1003,Asia Pacific,19.41,13.84,98.48
2023-05-01,20230501,3,4,532654.17,405072.42,60965.85,16,66615.9,610296.03,542292.8,2023,Q2,5,May,2023-05,Marketing,CC1003,Latin America,12.51,-12.72,98.19
2023-05-01,20230501,4,1,611991.01,448260.62,80836.43,40,82893.97,621462.6,622902.81,2023,Q2,5,May,2023-05,Operations,CC1004,North America,13.54,-1.52,98.22
2023-05-01,20230501,4,2,507427.66,391582.58,51920.49,33,63924.59,458396.81,512339.11,2023,Q2,5,May,2023-05,Operations,CC1004,Europe,12.6,10.7,99.03
2023-05-01,20230501,4,3,509636.88,331499.91,70282.02,26,107854.95,457120.11,500537.52,2023,Q2,5,May,2023-05,Operations,CC1004,Asia Pacific,21.16,11.49,98.21
2023-05-01,20230501,4,4,400870.93,278643.43,54821.79,21,67405.71,364832.68,395551.83,2023,Q2,5,May,2023-05,Operations,CC1004,Latin America,16.81,9.88,98.67
2023-05-01,20230501,5,1,355116.84,252055.51,9329.04,24,93732.28,308032.2,355274.7,2023,Q2,5,May,2023-05,Finance,CC1005,North America,26.39,15.29,99.96
2023-05-01,20230501,5,2,277211.8,191880.37,9409.82,20,75921.61,237935.05,279533.6,2023,Q2,5,May,2023-05,Finance,CC1005,Europe,27.39,16.51,99.16
2023-05-01,20230501,5,3,213281.61,163751.39,6836.14,17,42694.09,257805.7,212112.68,2023,Q2,5,May,2023-05,Finance,CC1005,Asia Pacific,20.02,-17.27,99.45
2023-05-01,20230501,5,4,209569.57,156144.91,5312.82,13,48111.85,174145.98,212808.52,2023,Q2,5,May,2023-05,Finance,CC1005,Latin America,22.96,20.34,98.45
2023-05-01,20230501,6,1,209057.35,165632.65,4480.79,15,38943.91,252395.96,207138.7,2023,Q2,5,May,2023-05,HR,CC1006,North America,18.63,-17.17,99.08
2023-05-01,20230501,6,2,186406.93,146965.39,3427.31,13,36014.22,198275.38,185610.01,2023,Q2,5,May,2023-05,HR,CC1006,Europe,19.32,-5.99,99.57
2023-05-01,20230501,6,3,161803.88,97429.08,3293.37,12,61081.43,208293.8,160956.91,2023,Q2,5,May,2023-05,HR,CC1006,Asia Pacific,37.75,-22.32,99.48
2023-05-01,20230501,6,4,135074.09,90340.03,2723.68,8,42010.38,133086.83,137126.76,2023,Q2,5,May,2023-05,HR,CC1006,Latin America,31.1,1.49,98.48
2023-05-01,20230501,7,1,484641.35,340000.9,33162.99,67,111477.47,534762.47,479794.41,2023,Q2,5,May,2023-05,Customer Support,CC1007,North America,23.0,-9.37,99.0
2023-05-01,20230501,7,2,351594.12,257588.13,29200.5,50,64805.49,439860.9,350499.85,2023,Q2,5,May,2023-05,Customer Support,CC1007,Europe,18.43,-20.07,99.69
2023-05-01,20230501,7,3,393913.2,251766.68,35549.92,47,106596.6,341878.99,392636.44,2023,Q2,5,May,2023-05,Customer Support,CC1007,Asia Pacific,27.06,15.22,99.68
2023-05-01,20230501,7,4,278686.2,181516.53,24543.24,35,72626.43,238474.4,276689.18,2023,Q2,5,May,2023-05,Customer Support,CC1007,Latin America,26.06,16.86,99.28
2023-05-01,20230501,8,1,829636.44,663001.38,161630.59,41,5004.47,797588.19,824493.26,2023,Q2,5,May,2023-05,Product,CC1008,North America,0.6,4.02,99.38
2023-05-01,20230501,8,2,582234.11,373123.81,112659.75,30,96450.56,712270.33,570594.72,2023,Q2,5,May,2023-05,Product,CC1008,Europe,16.57,-18.26,98.0
2023-05-01,20230501,8,3,680097.88,522842.85,149202.17,26,8052.86,555204.68,669770.28,2023,Q2,5,May,2023-05,Product,CC1008,Asia Pacific,1.18,22.49,98.48
2023-05-01,20230501,8,4,409380.38,304908.9,95919.72,22,8551.76,479515.89,403143.73,2023,Q2,5,May,2023-05,Product,CC1008,Latin America,2.09,-14.63,98.48
2023-06-01,20230601,1,1,1243004.18,832522.41,177115.04,79,233366.73,1389063.82,1253878.88,2023,Q2,6,June,2023-06,Engineering,CC1001,North America,18.77,-10.51,99.13
2023-06-01,20230601,1,2,911442.87,553353.42,163749.66,61,194339.8,939437.82,895176.55,2023,Q2,6,June,2023-06,Engineering,CC1001,Europe,21.32,-2.98,98.22
2023-06-01,20230601,1,3,842386.86,511995.63,120889.8,61,209501.42,1046415.21,837037.52,2023,Q2,6,June,2023-06,Engineering,CC1001,Asia Pacific,24.87,-19.5,99.36
2023-06-01,20230601,1,4,710303.43,522156.38,106924.56,48,81222.49,799277.5,720703.28,2023,Q2,6,June,2023-06,Engineering,CC1001,Latin America,11.43,-11.13,98.54
2023-06-01,20230601,2,1,1584483.03,1197250.05,77979.81,50,309253.17,2004961.99,1583420.29,2023,Q2,6,June,2023-06,Sales,CC1002,North America,19.52,-20.97,99.93
2023-06-01,20230601,2,2,1774114.48,1332207.17,79785.65,38,362121.66,1423599.05,1809038.68,2023,Q2,6,June,2023-06,Sales,CC1002,Europe,20.41,24.62,98.03
2023-06-01,20230601,2,3,1542633.49,955620.38,83498.8,33,503514.31,1454143.73,1512211.67,2023,Q2,6,June,2023-06,Sales,CC1002,Asia Pacific,32.64,6.09,98.03
2023-06-01,20230601,2,4,1052223.59,680736.98,59321.62,26,312164.99,1092122.18,1066008.72,2023,Q2,6,June,2023-06,Sales,CC1002,Latin America,29.67,-3.65,98.69
2023-06-01,20230601,3,1,789646.61,522401.64,70789.14,29,196455.83,1116609.82,776007.41,2023,Q2,6,June,2023-06,Marketing,CC1003,North America,24.88,-29.28,98.27
2023-06-01,20230601,3,2,701350.26,498737.12,64281.87,25,138331.27,644026.26,697895.88,2023,Q2,6,June,2023-06,Marketing,CC1003,Europe,19.72,8.9,99.51
2023-06-01,20230601,3,3,775156.61,605443.67,77297.28,22,92415.66,605303.13,762964.97,2023,Q2,6,June,2023-06,Marketing,CC1003,Asia Pacific,11.92,28.06,98.43
2023-06-01,20230601,3,4,615496.1,376711.55,56567.79,17,182216.76,610296.03,611074.41,2023,Q2,6,June,2023-06,Marketing,CC1003,Latin America,29.6,0.85,99.28
2023-06-01,20230601,4,1,556837.92,421321.55,56730.59,39,78785.78,621462.6,548459.65,2023,Q2,6,June,2023-06,Operations,CC1004,North America,14.15,-10.4,98.5
2023-06-01,20230601,4,2,449518.92,351472.5,47256.21,34,50790.21,458396.81,450321.41,2023,Q2,6,June,2023-06,Operations,CC1004,Europe,11.3,-1.94,99.82
2023-06-01,20230601,4,3,405586.97,320855.65,43744.23,31,40987.09,457120.11,400213.92,2023,Q2,6,June,2023-06,Operations,CC1004,Asia Pacific,10.11,-11.27,98.68
2023-06-01,20230601,4,4,399553.25,240789.07,48172.32,23,110591.86,364832.68,406502.21,2023,Q2,6,June,2023-06,Operations,CC1004,Latin America,27.68,9.52,98.26
2023-06-01,20230601,5,1,347606.69,265545.43,12047.46,21,70013.8,308032.2,344605.94,2023,Q2,6,June,2023-06,Finance,CC1005,North America,20.14,12.85,99.14
2023-06-01,20230601,5,2,241666.16,163223.93,6940.62,19,71501.61,237935.05,238378.34,2023,Q2,6,June,2023-06,Finance,CC1005,Europe,29.59,1.57,98.64
2023-06-01,20230601,5,3,245522.24,155541.61,6806.79,17,83173.85,257805.7,248433.55,2023,Q2,6,June,2023-06,Finance,CC1005,Asia Pacific,33.88,-4.76,98.81
2023-06-01,20230601,5,4,193574.44,141136.46,5007.63,13,47430.36,174145.98,190380.05,2023,Q2,6,June,2023-06,Finance,CC1005,Latin America,24.5,11.16,98.35
2023-06-01,20230601,6,1,223657.12,152691.45,3649.75,14,67315.92,252395.96,227733.49,2023,Q2,6,June,2023-06,HR,CC1006,North America,30.1,-11.39,98.18
2023-06-01,20230601,6,2,219833.37,147390.67,3593.13,12,68849.57,198275.38,218885.61,2023,Q2,6,June,2023-06,HR,CC1006,Europe,31.32,10.87,99.57
2023-06-01,20230601,6,3,197544.25,124105.16,4367.33,10,69071.75,208293.8,201347.04,2023,Q2,6,June,2023-06,HR,CC1006,Asia Pacific,34.97,-5.16,98.07
2023-06-01,20230601,6,4,130639.49,98638.94,2448.28,9,29552.27,133086.83,129030.09,2023,Q2,6,June,2023-06,HR,CC1006,Latin America,22.62,-1.84,98.77
2023-06-01,20230601,7,1,415083.65,326925.21,38754.17,66,49404.28,534762.47,417166.26,2023,Q2,6,June,2023-06,Customer Support,CC1007,North America,11.9,-22.38,99.5
2023-06-01,20230601,7,2,422789.94,259511.59,31588.01,49,131690.34,439860.9,425083.92,2023,Q2,6,June,2023-06,Customer Support,CC1007,Europe,31.15,-3.88,99.46
2023-06-01,20230601,7,3,333249.03,209847.36,27688.64,49,95713.02,341878.99,331677.74,2023,Q2,6,June,2023-06,Customer Support,CC1007,Asia Pacific,28.72,-2.52,99.53
2023-06-01,20230601,7,4,241014.48,154089.63,17256.51,34,69668.34,238474.4,242391.11,2023,Q2,6,June,2023-06,Customer Support,CC1007,Latin America,28.91,1.07,99.43
2023-06-01,20230601,8,1,797439.54,589480.05,150716.2,41,57243.3,797588.19,788000.65,2023,Q2,6,June,2023-06,Product,CC1008,North America,7.18,-0.02,98.82
2023-06-01,20230601,8,2,639009.38,485767.1,111451.35,29,41790.94,712270.33,648816.49,2023,Q2,6,June,2023-06,Product,CC1008,Europe,6.54,-10.29,98.47
2023-06-01,20230601,8,3,553146.2,407543.75,89625.11,30,55977.34,555204.68,549077.29,2023,Q2,6,June,2023-06,Product,CC1008,Asia Pacific,10.12,-0.37,99.26
2023-06-01,20230601,8,4,391325.1,282522.07,70150.62,22,38652.41,479515.89,384759.93,2023,Q2,6,June,2023-06,Product,CC1008,Latin America,9.88,-18.39,98.32
2023-07-01,20230701,1,1,1060103.03,699239.13,132921.62,84,227942.27,1389063.82,1039157.38,2023,Q3,7,July,2023-07,Engineering,CC1001,North America,21.5,-23.68,98.02
2023-07-01,20230701,1,2,983216.17,614165.48,136136.84,70,232913.85,939437.82,969911.07,2023,Q3,7,July,2023-07,Engineering,CC1001,Europe,23.69,4.66,98.65
2023-07-01,20230701,1,3,1013465.43,649792.36,166708.95,59,196964.13,1046415.21,1029051.67,2023,Q3,7,July,2023-07,Engineering,CC1001,Asia Pacific,19.43,-3.15,98.46
2023-07-01,20230701,1,4,702802.52,496819.43,92578.4,42,113404.69,799277.5,714510.91,2023,Q3,7,July,2023-07,Engineering,CC1001,Latin America,16.14,-12.07,98.33
2023-07-01,20230701,2,1,1686548.24,1137435.88,93091.51,45,456020.85,2004961.99,1717045.24,2023,Q3,7,July,2023-07,Sales,CC1002,North America,27.04,-15.88,98.19
2023-07-01,20230701,2,2,1587782.69,1142387.17,91484.71,35,353910.8,1423599.05,1572353.42,2023,Q3,7,July,2023-07,Sales,CC1002,Europe,22.29,11.53,99.03
2023-07-01,20230701,2,3,1319809.64,851799.48,72428.65,38,395581.51,1454143.73,1315785.28,2023,Q3,7,July,2023-07,Sales,CC1002,Asia Pacific,29.97,-9.24,99.7
2023-07-01,20230701,2,4,988268.51,783015.17,48323.41,27,156929.93,1092122.18,982404.12,2023,Q3,7,July,2023-07,Sales,CC1002,Latin America,15.88,-9.51,99.41
2023-07-01,20230701,3,1,998451.15,712685.54,110315.86,33,175449.75,1116609.82,992134.91,2023,Q3,7,July,2023-07,Marketing,CC1003,North America,17.57,-10.58,99.37
2023-07-01,20230701,3,2,726260.25,558998.41,68653.54,27,98608.3,644026.26,739071.26,2023,Q3,7,July,2023-07,Marketing,CC1003,Europe,13.58,12.77,98.24
2023-07-01,20230701,3,3,691550.7,517504.99,77594.68,25,96451.03,605303.13,688647.66,2023,Q3,7,July,2023-07,Marketing,CC1003,Asia Pacific,13.95,14.25,99.58
2023-07-01,20230701,3,4,448872.11,305401.47,48006.98,18,95463.65,610296.03,453342.21,2023,Q3,7,July,2023-07,Marketing,CC1003,Latin America,21.27,-26.45,99.0
2023-07-01,20230701,4,1,567365.76,412445.87,59543.99,40,95375.9,621462.6,568402.81,2023,Q3,7,July,2023-07,Operations,CC1004,North America,16.81,-8.7,99.82
2023-07-01,20230701,4,2,450142.34,296365.72,59388.73,32,94387.89,458396.81,445029.29,2023,Q3,7,July,2023-07,Operations,CC1004,Europe,20.97,-1.8,98.86
2023-07-01,20230701,4,3,506924.63,376657.68,71954.14,28,58312.82,457120.11,506419.74,2023,Q3,7,July,2023-07,Operations,CC1004,Asia Pacific,11.5,10.9,99.9
2023-07-01,20230701,4,4,387083.87,272897.95,50301.31,21,63884.61,364832.68,386259.02,2023,Q3,7,July,2023-07,Operations,CC1004,Latin America,16.5,6.1,99.79
2023-07-01,20230701,5,1,262917.16,168581.43,6312.99,21,88022.74,308032.2,267936.61,2023,Q3,7,July,2023-07,Finance,CC1005,North America,33.48,-14.65,98.09
2023-07-01,20230701,5,2,227908.41,166979.86,7764.66,19,53163.89,237935.05,224746.36,2023,Q3,7,July,2023-07,Finance,CC1005,Europe,23.33,-4.21,98.61
2023-07-01,20230701,5,3,237513.09,171021.36,7784.49,18,58707.23,257805.7,242029.73,2023,Q3,7,July,2023-07,Finance,CC1005,Asia Pacific,24.72,-7.87,98.1
2023-07-01,20230701,5,4,176715.73,118104.11,5616.3,12,52995.32,174145.98,179524.78,2023,Q3,7,July,2023-07,Finance,CC1005,Latin America,29.99,1.48,98.41
2023-07-01,20230701,6,1,196916.52,131061.45,4435.73,15,61419.34,252395.96,196078.72,2023,Q3,7,July,2023-07,HR,CC1006,North America,31.19,-21.98,99.57
2023-07-01,20230701,6,2,183773.69,141672.88,3440.25,13,38660.56,198275.38,180746.08,2023,Q3,7,July,2023-07,HR,CC1006,Europe,21.04,-7.31,98.35
2023-07-01,20230701,6,3,180569.77,138950.16,3151.76,11,38467.85,208293.8,178153.74,2023,Q3,7,July,2023-07,HR,CC1006,Asia Pacific,21.3,-13.31,98.66
2023-07-01,20230701,6,4,137712.42,97372.26,2903.33,8,37436.83,133086.83,136124.57,2023,Q3,7,July,2023-07,HR,CC1006,Latin America,27.18,3.48,98.85
2023-07-01,20230701,7,1,383444.91,254765.98,31408.67,66,97270.26,534762.47,386005.21,2023,Q3,7,July,2023-07,Customer Support,CC1007,North America,25.37,-28.3,99.33
2023-07-01,20230701,7,2,363319.3,287248.97,31614.54,56,44455.8,439860.9,363720.23,2023,Q3,7,July,2023-07,Customer Support,CC1007,Europe,12.24,-17.4,99.89
2023-07-01,20230701,7,3,309331.99,188867.39,26984.49,43,93480.11,341878.99,306891.67,2023,Q3,7,July,2023-07,Customer Support,CC1007,Asia Pacific,30.22,-9.52,99.21
2023-07-01,20230701,7,4,261876.4,186687.32,21793.0,33,53396.08,238474.4,260616.64,2023,Q3,7,July,2023-07,Customer Support,CC1007,Latin America,20.39,9.81,99.52
2023-07-01,20230701,8,1,767052.28,609011.72,167378.85,42,-9338.3,797588.19,775097.49,2023,Q3,7,July,2023-07,Product,CC1008,North America,-1.22,-3.83,98.95
2023-07-01,20230701,8,2,634490.57,405061.74,135358.95,33,94069.87,712270.33,637091.2,2023,Q3,7,July,2023-07,Product,CC1008,Europe,14.83,-10.92,99.59
2023-07-01,20230701,8,3,554047.05,391008.36,103471.28,29,59567.41,555204.68,547344.32,2023,Q3,7,July,2023-07,Product,CC1008,Asia Pacific,10.75,-0.21,98.79
2023-07-01,20230701,8,4,471823.49,300624.88,78698.89,22,92499.72,479515.89,474811.22,2023,Q3,7,July,2023-07,Product,CC1008,Latin America,19.6,-1.6,99.37
2023-08-01,20230801,1,1,1127225.45,738728.13,173018.14,76,215479.18,1389063.82,1146743.03,2023,Q3,8,August,2023-08,Engineering,CC1001,North America,19.12,-18.85,98.27
2023-08-01,20230801,1,2,1078612.46,755540.37,150653.08,68,172419.0,939437.82,1058624.17,2023,Q3,8,August,2023-08,Engineering,CC1001,Europe,15.99,14.81,98.15
2023-08-01,20230801,1,3,854995.41,570508.24,149822.69,53,134664.49,1046415.21,856801.67,2023,Q3,8,August,2023-08,Engineering,CC1001,Asia Pacific,15.75,-18.29,99.79
2023-08-01,20230801,1,4,718446.69,500759.93,89895.05,50,127791.71,799277.5,718964.27,2023,Q3,8,August,2023-08,Engineering,CC1001,Latin America,17.79,-10.11,99.93
2023-08-01,20230801,2,1,1782056.97,1153564.6,88514.7,46,539977.66,2004961.99,1751754.57,2023,Q3,8,August,2023-08,Sales,CC1002,North America,30.3,-11.12,98.3
2023-08-01,20230801,2,2,1266211.13,971810.09,56721.7,36,237679.35,1423599.05,1266459.89,2023,Q3,8,August,2023-08,Sales,CC1002,Europe,18.77,-11.06,99.98
2023-08-01,20230801,2,3,1396463.26,855179.17,71968.35,32,469315.75,1454143.73,1370570.66,2023,Q3,8,August,2023-08,Sales,CC1002,Asia Pacific,33.61,-3.97,98.15
2023-08-01,20230801,2,4,870241.1,667329.44,36862.93,25,166048.73,1092122.18,868079.42,2023,Q3,8,August,2023-08,Sales,CC1002,Latin America,19.08,-20.32,99.75
2023-08-01,20230801,3,1,950423.3,620133.79,92066.08,28,238223.43,1116609.82,948487.42,2023,Q3,8,August,2023-08,Marketing,CC1003,North America,25.06,-14.88,99.8
2023-08-01,20230801,3,2,734646.64,524670.97,68540.38,25,141435.29,644026.26,723086.93,2023,Q3,8,August,2023-08,Marketing,CC1003,Europe,19.25,14.07,98.43
2023-08-01,20230801,3,3,620317.39,384534.09,68646.7,25,167136.6,605303.13,631981.2,2023,Q3,8,August,2023-08,Marketing,CC1003,Asia Pacific,26.94,2.48,98.12
2023-08-01,20230801,3,4,557591.37,401554.12,60239.18,17,95798.07,610296.03,560508.03,2023,Q3,8,August,2023-08,Marketing,CC1003,Latin America,17.18,-8.64,99.48
2023-08-01,20230801,4,1,566702.59,394653.65,75016.28,37,97032.66,621462.6,562577.9,2023,Q3,8,August,2023-08,Operations,CC1004,North America,17.12,-8.81,99.27
2023-08-01,20230801,4,2,539592.92,329823.4,64379.07,35,145390.45,458396.81,541974.96,2023,Q3,8,August,2023-08,Operations,CC1004,Europe,26.94,17.71,99.56
2023-08-01,20230801,4,3,436755.31,283868.61,49125.02,31,103761.68,457120.11,437789.86,2023,Q3,8,August,2023-08,Operations,CC1004,Asia Pacific,23.76,-4.46,99.76
2023-08-01,20230801,4,4,336515.93,208611.59,32564.43,25,95339.91,364832.68,334860.09,2023,Q3,8,August,2023-08,Operations,CC1004,Latin America,28.33,-7.76,99.51
2023-08-01,20230801,5,1,296064.14,182358.64,9532.49,25,104173.01,308032.2,296960.21,2023,Q3,8,August,2023-08,Finance,CC1005,North America,35.19,-3.89,99.7
2023-08-01,20230801,5,2,212467.82,152200.11,7053.12,19,53214.59,237935.05,215695.95,2023,Q3,8,August,2023-08,Finance,CC1005,Europe,25.05,-10.7,98.48
2023-08-01,20230801,5,3,224986.08,175455.35,7083.03,16,42447.71,257805.7,223273.41,2023,Q3,8,August,2023-08,Finance,CC1005,Asia Pacific,18.87,-12.73,99.24
2023-08-01,20230801,5,4,152530.76,119243.26,5052.55,14,28234.95,174145.98,151316.41,2023,Q3,8,August,2023-08,Finance,CC1005,Latin America,18.51,-12.41,99.2
2023-08-01,20230801,6,1,194964.07,146474.6,3858.98,14,44630.5,252395.96,195873.56,2023,Q3,8,August,2023-08,HR,CC1006,North America,22.89,-22.75,99.53
2023-08-01,20230801,6,2,154731.98,102932.98,3055.72,12,48743.28,198275.38,157731.64,2023,Q3,8,August,2023-08,HR,CC1006,Europe,31.5,-21.96,98.06
2023-08-01,20230801,6,3,147437.11,92306.04,2599.06,12,52532.0,208293.8,146997.78,2023,Q3,8,August,2023-08,HR,CC1006,Asia Pacific,35.63,-29.22,99.7
2023-08-01,20230801,6,4,128103.44,77400.33,2084.94,9,48618.16,133086.83,129726.02,2023,Q3,8,August,2023-08,HR,CC1006,Latin America,37.95,-3.74,98.73
2023-08-01,20230801,7,1,480541.69,296658.24,39033.26,68,144850.19,534762.47,478388.34,2023,Q3,8,August,2023-08,Customer Support,CC1007,North America,30.14,-10.14,99.55
2023-08-01,20230801,7,2,394456.0,247221.01,37052.29,55,110182.7,439860.9,401419.48,2023,Q3,8,August,2023-08,Customer Support,CC1007,Europe,27.93,-10.32,98.23
2023-08-01,20230801,7,3,340186.53,228836.94,31984.95,45,79364.64,341878.99,337902.82,2023,Q3,8,August,2023-08,Customer Support,CC1007,Asia Pacific,23.33,-0.5,99.33
2023-08-01,20230801,7,4,266413.12,200625.93,24973.81,34,40813.38,238474.4,269588.74,2023,Q3,8,August,2023-08,Customer Support,CC1007,Latin America,15.32,11.72,98.81
2023-08-01,20230801,8,1,769308.24,471400.48,146920.84,37,150986.93,797588.19,763291.96,2023,Q3,8,August,2023-08,Product,CC1008,North America,19.63,-3.55,99.22
2023-08-01,20230801,8,2,684955.9,499028.37,148919.07,35,37008.46,712270.33,681591.44,2023,Q3,8,August,2023-08,Product,CC1008,Europe,5.4,-3.83,99.51
2023-08-01,20230801,8,3,587205.36,403354.99,134800.44,27,49049.92,555204.68,597720.7,2023,Q3,8,August,2023-08,Product,CC1008,Asia Pacific,8.35,5.76,98.21
2023-08-01,20230801,8,4,383459.83,255094.39,84551.12,22,43814.32,479515.89,385119.61,2023,Q3,8,August,2023-08,Product,CC1008,Latin America,11.43,-20.03,99.57
2023-09-01,20230901,1,1,1121516.16,839425.67,149946.57,72,132143.92,1389063.82,1112540.86,2023,Q3,9,September,2023-09,Engineering,CC1001,North America,11.78,-19.26,99.2
2023-09-01,20230901,1,2,943074.89,597536.03,133245.01,64,212293.85,939437.82,926378.38,2023,Q3,9,September,2023-09,Engineering,CC1001,Europe,22.51,0.39,98.23
2023-09-01,20230901,1,3,876737.31,681109.76,113190.8,60,82436.75,1046415.21,882514.63,2023,Q3,9,September,2023-09,Engineering,CC1001,Asia Pacific,9.4,-16.22,99.34
2023-09-01,20230901,1,4,649180.49,480536.07,93899.99,46,74744.43,799277.5,636387.82,2023,Q3,9,September,2023-09,Engineering,CC1001,Latin America,11.51,-18.78,98.03
2023-09-01,20230901,2,1,1809113.83,1324757.14,73753.98,46,410602.71,2004961.99,1843778.76,2023,Q3,9,September,2023-09,Sales,CC1002,North America,22.7,-9.77,98.08
2023-09-01,20230901,2,2,1391700.61,974731.91,80995.03,41,335973.67,1423599.05,1396269.3,2023,Q3,9,September,2023-09,Sales,CC1002,Europe,24.14,-2.24,99.67
2023-09-01,20230901,2,3,1397668.6,1080220.67,68678.31,35,248769.62,1454143.73,1391298.07,2023,Q3,9,September,2023-09,Sales,CC1002,Asia Pacific,17.8,-3.88,99.54
2023-09-01,20230901,2,4,1137640.62,841209.3,47399.18,29,249032.13,1092122.18,1136755.99,2023,Q3,9,September,2023-09,Sales,CC1002,Latin America,21.89,4.17,99.92
2023-09-01,20230901,3,1,744698.8,528694.04,72002.37,34,144002.39,1116609.82,735881.41,2023,Q3,9,September,2023-09,Marketing,CC1003,North America,19.34,-33.31,98.82
2023-09-01,20230901,3,2,782611.19,556857.4,64318.44,28,161435.35,644026.26,783006.11,2023,Q3,9,September,2023-09,Marketing,CC1003,Europe,20.63,21.52,99.95
2023-09-01,20230901,3,3,601273.0,417212.13,68734.11,22,115326.76,605303.13,593881.58,2023,Q3,9,September,2023-09,Marketing,CC1003,Asia Pacific,19.18,-0.67,98.77
2023-09-01,20230901,3,4,443436.42,292478.19,49310.98,18,101647.24,610296.03,438602.63,2023,Q3,9,September,2023-09,Marketing,CC1003,Latin America,22.92,-27.34,98.91
2023-09-01,20230901,4,1,513133.6,342027.09,72411.55,38,98694.95,621462.6,523152.51,2023,Q3,9,September,2023-09,Operations,CC1004,North America,19.23,-17.43,98.05
2023-09-01,20230901,4,2,473094.45,300808.96,65653.55,32,106631.94,458396.81,477062.23,2023,Q3,9,September,2023-09,Operations,CC1004,Europe,22.54,3.21,99.16
2023-09-01,20230901,4,3,489742.13,298759.88,49288.3,31,141693.95,457120.11,485468.15,2023,Q3,9,September,2023-09,Operations,CC1004,Asia Pacific,28.93,7.14,99.13
2023-09-01,20230901,4,4,301135.81,183052.14,29224.82,24,88858.85,364832.68,296732.4,2023,Q3,9,September,2023-09,Operations,CC1004,Latin America,29.51,-17.46,98.54
2023-09-01,20230901,5,1,282358.95,203631.45,8228.0,21,70499.5,308032.2,285560.92,2023,Q3,9,September,2023-09,Finance,CC1005,North America,24.97,-8.33,98.87
2023-09-01,20230901,5,2,202709.38,152514.08,7038.0,19,43157.31,237935.05,202997.57,2023,Q3,9,September,2023-09,Finance,CC1005,Europe,21.29,-14.8,99.86
2023-09-01,20230901,5,3,212363.44,143948.8,7358.2,19,61056.44,257805.7,210968.77,2023,Q3,9,September,2023-09,Finance,CC1005,Asia Pacific,28.75,-17.63,99.34
2023-09-01,20230901,5,4,172061.52,135133.94,6115.88,13,30811.71,174145.98,171736.84,2023,Q3,9,September,2023-09,Finance,CC1005,Latin America,17.91,-1.2,99.81
2023-09-01,20230901,6,1,199642.8,158072.05,3422.38,16,38148.37,252395.96,197906.31,2023,Q3,9,September,2023-09,HR,CC1006,North America,19.11,-20.9,99.13
2023-09-01,20230901,6,2,166385.78,113307.67,3991.65,12,49086.46,198275.38,166908.51,2023,Q3,9,September,2023-09,HR,CC1006,Europe,29.5,-16.08,99.69
2023-09-01,20230901,6,3,140295.88,88513.25,2738.08,11,49044.54,208293.8,138942.26,2023,Q3,9,September,2023-09,HR,CC1006,Asia Pacific,34.96,-32.65,99.04
2023-09-01,20230901,6,4,117871.46,72773.06,2171.87,10,42926.53,133086.83,119968.19,2023,Q3,9,September,2023-09,HR,CC1006,Latin America,36.42,-11.43,98.22
2023-09-01,20230901,7,1,406494.22,290306.3,37847.48,57,78340.44,534762.47,411545.87,2023,Q3,9,September,2023-09,Customer Support,CC1007,North America,19.27,-23.99,98.76
2023-09-01,20230901,7,2,404339.67,249989.13,27966.69,57,126383.86,439860.9,404946.83,2023,Q3,9,September,2023-09,Customer Support,CC1007,Europe,31.26,-8.08,99.85
2023-09-01,20230901,7,3,274012.11,178526.13,21482.06,49,74003.93,341878.99,276567.66,2023,Q3,9,September,2023-09,Customer Support,CC1007,Asia Pacific,27.01,-19.85,99.07
2023-09-01,20230901,7,4,286559.33,188413.4,23275.22,37,74870.71,238474.4,285477.8,2023,Q3,9,September,2023-09,Customer Support,CC1007,Latin America,26.13,20.16,99.62
2023-09-01,20230901,8,1,642053.58,510748.04,146558.6,39,-15253.07,797588.19,644705.14,2023,Q3,9,September,2023-09,Product,CC1008,North America,-2.38,-19.5,99.59
2023-09-01,20230901,8,2,545397.92,386554.82,117586.49,33,41256.61,712270.33,556093.94,2023,Q3,9,September,2023-09,Product,CC1008,Europe,7.56,-23.43,98.04
2023-09-01,20230901,8,3,552456.97,372463.59,122519.58,27,57473.81,555204.68,549904.97,2023,Q3,9,September,2023-09,Product,CC1008,Asia Pacific,10.4,-0.49,99.54
2023-09-01,20230901,8,4,396709.66,272286.2,88284.71,23,36138.74,479515.89,401375.19,2023,Q3,9,September,2023-09,Product,CC1008,Latin America,9.11,-17.27,98.82
2023-10-01,20231001,1,1,1192986.88,797409.0,201136.07,75,194441.82,1389063.82,1179834.58,2023,Q4,10,October,2023-10,Engineering,CC1001,North America,16.3,-14.12,98.9
2023-10-01,20231001,1,2,973167.75,634670.67,117310.72,68,221186.36,939437.82,973599.6,2023,Q4,10,October,2023-10,Engineering,CC1001,Europe,22.73,3.59,99.96
2023-10-01,20231001,1,3,860373.24,682614.71,132731.46,64,45027.07,1046415.21,847964.94,2023,Q4,10,October,2023-10,Engineering,CC1001,Asia Pacific,5.23,-17.78,98.56
2023-10-01,20231001,1,4,694422.74,537202.6,107626.04,48,49594.1,799277.5,690868.51,2023,Q4,10,October,2023-10,Engineering,CC1001,Latin America,7.14,-13.12,99.49
2023-10-01,20231001,2,1,1535455.65,1061890.51,73532.34,51,400032.8,2004961.99,1519732.3,2023,Q4,10,October,2023-10,Sales,CC1002,North America,26.05,-23.42,98.98
2023-10-01,20231001,2,2,1661901.42,1315607.07,74706.84,38,271587.5,1423599.05,1688196.41,2023,Q4,10,October,2023-10,Sales,CC1002,Europe,16.34,16.74,98.42
2023-10-01,20231001,2,3,1495667.19,1030047.78,69428.78,36,396190.63,1454143.73,1506900.8,2023,Q4,10,October,2023-10,Sales,CC1002,Asia Pacific,26.49,2.86,99.25
2023-10-01,20231001,2,4,951100.42,710752.24,39026.64,25,201321.54,1092122.18,946774.35,2023,Q4,10,October,2023-10,Sales,CC1002,Latin America,21.17,-12.91,99.55
2023-10-01,20231001,3,1,836220.65,554520.19,83321.69,30,198378.77,1116609.82,825927.04,2023,Q4,10,October,2023-10,Marketing,CC1003,North America,23.72,-25.11,98.77
2023-10-01,20231001,3,2,687228.38,546333.41,66279.42,26,74615.55,644026.26,689332.54,2023,Q4,10,October,2023-10,Marketing,CC1003,Europe,10.86,6.71,99.69
2023-10-01,20231001,3,3,751123.82,486968.78,80558.99,24,183596.04,605303.13,754348.37,2023,Q4,10,October,2023-10,Marketing,CC1003,Asia Pacific,24.44,24.09,99.57
2023-10-01,20231001,3,4,447248.68,328895.26,36926.55,18,81426.88,610296.03,451534.78,2023,Q4,10,October,2023-10,Marketing,CC1003,Latin America,18.21,-26.72,99.04
2023-10-01,20231001,4,1,532551.78,409172.53,51900.89,42,71478.36,621462.6,531706.71,2023,Q4,10,October,2023-10,Operations,CC1004,North America,13.42,-14.31,99.84
2023-10-01,20231001,4,2,444757.92,278754.53,63048.32,30,102955.07,458396.81,439404.69,2023,Q4,10,October,2023-10,Operations,CC1004,Europe,23.15,-2.98,98.8
2023-10-01,20231001,4,3,417368.93,302194.71,50981.8,27,64192.42,457120.11,413858.49,2023,Q4,10,October,2023-10,Operations,CC1004,Asia Pacific,15.38,-8.7,99.16
2023-10-01,20231001,4,4,313490.2,201482.84,36281.77,24,75725.6,364832.68,309947.17,2023,Q4,10,October,2023-10,Operations,CC1004,Latin America,24.16,-14.07,98.87
2023-10-01,20231001,5,1,279895.28,189820.36,9997.15,26,80077.77,308032.2,283255.56,2023,Q4,10,October,2023-10,Finance,CC1005,North America,28.61,-9.13,98.8
2023-10-01,20231001,5,2,224133.47,137529.97,6231.55,19,80371.95,237935.05,224186.6,2023,Q4,10,October,2023-10,Finance,CC1005,Europe,35.86,-5.8,99.98
2023-10-01,20231001,5,3,236886.36,182796.82,8086.91,17,46002.63,257805.7,238660.49,2023,Q4,10,October,2023-10,Finance,CC1005,Asia Pacific,19.42,-8.11,99.25
2023-10-01,20231001,5,4,160524.96,98270.35,5204.02,12,57050.59,174145.98,159941.82,2023,Q4,10,October,2023-10,Finance,CC1005,Latin America,35.54,-7.82,99.64
2023-10-01,20231001,6,1,207474.6,153256.4,4591.41,15,49626.79,252395.96,210060.78,2023,Q4,10,October,2023-10,HR,CC1006,North America,23.92,-17.8,98.75
2023-10-01,20231001,6,2,170956.87,117834.64,3729.62,13,49392.62,198275.38,174289.63,2023,Q4,10,October,2023-10,HR,CC1006,Europe,28.89,-13.78,98.05
2023-10-01,20231001,6,3,150478.39,110219.94,3141.61,12,37116.84,208293.8,148409.99,2023,Q4,10,October,2023-10,HR,CC1006,Asia Pacific,24.67,-27.76,98.63
2023-10-01,20231001,6,4,137191.46,97907.2,2496.52,9,36787.75,133086.83,136279.28,2023,Q4,10,October,2023-10,HR,CC1006,Latin America,26.81,3.08,99.34
2023-10-01,20231001,7,1,447740.65,348252.74,36812.23,65,62675.69,534762.47,448076.42,2023,Q4,10,October,2023-10,Customer Support,CC1007,North America,14.0,-16.27,99.93
2023-10-01,20231001,7,2,315372.86,203911.17,25149.11,51,86312.58,439860.9,311358.34,2023,Q4,10,October,2023-10,Customer Support,CC1007,Europe,27.37,-28.3,98.73
2023-10-01,20231001,7,3,328407.7,218247.26,23730.56,47,86429.88,341878.99,323590.41,2023,Q4,10,October,2023-10,Customer Support,CC1007,Asia Pacific,26.32,-3.94,98.53
2023-10-01,20231001,7,4,287848.82,222662.7,24940.33,34,40245.79,238474.4,291025.26,2023,Q4,10,October,2023-10,Customer Support,CC1007,Latin America,13.98,20.7,98.9
2023-10-01,20231001,8,1,796231.39,600002.49,134656.48,41,61572.42,797588.19,806879.38,2023,Q4,10,October,2023-10,Product,CC1008,North America,7.73,-0.17,98.66
2023-10-01,20231001,8,2,621504.86,453251.98,122230.79,33,46022.09,712270.33,609929.38,2023,Q4,10,October,2023-10,Product,CC1008,Europe,7.4,-12.74,98.14
2023-10-01,20231001,8,3,569458.39,350951.19,110931.16,28,107576.04,555204.68,570493.16,2023,Q4,10,October,2023-10,Product,CC1008,Asia Pacific,18.89,2.57,99.82
2023-10-01,20231001,8,4,378426.59,279403.2,84616.53,21,14406.85,479515.89,372437.05,2023,Q4,10,October,2023-10,Product,CC1008,Latin America,3.81,-21.08,98.42
2023-11-01,20231101,1,1,1092117.47,846855.75,165664.78,79,79596.94,1389063.82,1074936.79,2023,Q4,11,November,2023-11,Engineering,CC1001,North America,7.29,-21.38,98.43
2023-11-01,20231101,1,2,1064092.35,823181.76,180567.06,68,60343.54,939437.82,1046014.64,2023,Q4,11,November,2023-11,Engineering,CC1001,Europe,5.67,13.27,98.3
2023-11-01,20231101,1,3,809981.59,493976.83,109711.0,55,206293.76,1046415.21,802207.32,2023,Q4,11,November,2023-11,Engineering,CC1001,Asia Pacific,25.47,-22.59,99.04
2023-11-01,20231101,1,4,688298.06,542789.48,107803.01,50,37705.57,799277.5,694089.44,2023,Q4,11,November,2023-11,Engineering,CC1001,Latin America,5.48,-13.88,99.16
2023-11-01,20231101,2,1,1620021.52,1210454.29,73714.18,49,335853.05,2004961.99,1609715.72,2023,Q4,11,November,2023-11,Sales,CC1002,North America,20.73,-19.2,99.36
2023-11-01,20231101,2,2,1755673.24,1145946.0,80028.17,43,529699.07,1423599.05,1722290.48,2023,Q4,11,November,2023-11,Sales,CC1002,Europe,30.17,23.33,98.1
2023-11-01,20231101,2,3,1455964.77,1084788.79,82593.35,39,288582.63,1454143.73,1483663.15,2023,Q4,11,November,2023-11,Sales,CC1002,Asia Pacific,19.82,0.13,98.1
2023-11-01,20231101,2,4,929862.52,710757.03,49214.09,28,169891.4,1092122.18,916039.18,2023,Q4,11,November,2023-11,Sales,CC1002,Latin America,18.27,-14.86,98.51
2023-11-01,20231101,3,1,957856.66,762929.5,111564.19,31,83362.98,1116609.82,940230.11,2023,Q4,11,November,2023-11,Marketing,CC1003,North America,8.7,-14.22,98.16
2023-11-01,20231101,3,2,732245.93,560371.75,79126.47,26,92747.71,644026.26,719214.93,2023,Q4,11,November,2023-11,Marketing,CC1003,Europe,12.67,13.7,98.22
2023-11-01,20231101,3,3,672343.79,466475.48,78759.85,24,127108.47,605303.13,667278.43,2023,Q4,11,November,2023-11,Marketing,CC1003,Asia Pacific,18.91,11.08,99.25
2023-11-01,20231101,3,4,538721.0,330349.68,64055.4,18,144315.93,610296.03,538244.07,2023,Q4,11,November,2023-11,Marketing,CC1003,Latin America,26.79,-11.73,99.91
2023-11-01,20231101,4,1,584511.82,430494.32,74693.1,41,79324.4,621462.6,579090.9,2023,Q4,11,November,2023-11,Operations,CC1004,North America,13.57,-5.95,99.07
2023-11-01,20231101,4,2,481041.52,300675.12,61315.71,30,119050.69,458396.81,482921.09,2023,Q4,11,November,2023-11,Operations,CC1004,Europe,24.75,4.94,99.61
2023-11-01,20231101,4,3,509107.27,396170.19,59847.5,29,53089.58,457120.11,500492.55,2023,Q4,11,November,2023-11,Operations,CC1004,Asia Pacific,10.43,11.37,98.31
2023-11-01,20231101,4,4,374700.25,286365.37,40371.49,23,47963.38,364832.68,379778.77,2023,Q4,11,November,2023-11,Operations,CC1004,Latin America,12.8,2.7,98.64
2023-11-01,20231101,5,1,340085.35,220591.6,10408.94,22,109084.81,308032.2,334669.55,2023,Q4,11,November,2023-11,Finance,CC1005,North America,32.08,10.41,98.41
2023-11-01,20231101,5,2,286001.38,218534.09,9472.49,18,57994.81,237935.05,289933.66,2023,Q4,11,November,2023-11,Finance,CC1005,Europe,20.28,20.2,98.63
2023-11-01,20231101,5,3,224881.03,150328.25,6871.85,16,67680.93,257805.7,227189.62,2023,Q4,11,November,2023-11,Finance,CC1005,Asia Pacific,30.1,-12.77,98.97
2023-11-01,20231101,5,4,182627.47,116391.78,4795.58,13,61440.12,174145.98,179391.33,2023,Q4,11,November,2023-11,Finance,CC1005,Latin America,33.64,4.87,98.23
2023-11-01,20231101,6,1,235175.44,180631.12,3795.73,14,50748.6,252395.96,235859.99,2023,Q4,11,November,2023-11,HR,CC1006,North America,21.58,-6.82,99.71
2023-11-01,20231101,6,2,209252.31,139225.56,3933.3,13,66093.45,198275.38,207362.45,2023,Q4,11,November,2023-11,HR,CC1006,Europe,31.59,5.54,99.1
2023-11-01,20231101,6,3,147448.58,110150.83,3097.19,12,34200.57,208293.8,148874.02,2023,Q4,11,November,2023-11,HR,CC1006,Asia Pacific,23.19,-29.21,99.03
2023-11-01,20231101,6,4,140691.67,90208.18,2647.8,8,47835.7,133086.83,138608.63,2023,Q4,11,November,2023-11,HR,CC1006,Latin America,34.0,5.71,98.52
2023-11-01,20231101,7,1,482504.1,372358.07,45744.98,65,64401.05,534762.47,476407.2,2023,Q4,11,November,2023-11,Customer Support,CC1007,North America,13.35,-9.77,98.74
2023-11-01,20231101,7,2,336719.36,256772.15,27786.15,54,52161.06,439860.9,340510.31,2023,Q4,11,November,2023-11,Customer Support,CC1007,Europe,15.49,-23.45,98.87
2023-11-01,20231101,7,3,364670.52,279662.78,23994.9,50,61012.84,341878.99,369788.35,2023,Q4,11,November,2023-11,Customer Support,CC1007,Asia Pacific,16.73,6.67,98.6
2023-11-01,20231101,7,4,250178.24,182152.14,18526.5,40,49499.61,238474.4,245509.15,2023,Q4,11,November,2023-11,Customer Support,CC1007,Latin America,19.79,4.91,98.13
2023-11-01,20231101,8,1,782083.73,495294.18,169694.66,37,117094.89,797588.19,773805.63,2023,Q4,11,November,2023-11,Product,CC1008,North America,14.97,-1.94,98.94
2023-11-01,20231101,8,2,635425.11,497516.88,112430.31,31,25477.92,712270.33,642007.52,2023,Q4,11,November,2023-11,Product,CC1008,Europe,4.01,-10.79,98.96
2023-11-01,20231101,8,3,572956.47,448256.52,98393.34,31,26306.62,555204.68,566834.52,2023,Q4,11,November,2023-11,Product,CC1008,Asia Pacific,4.59,3.2,98.93
2023-11-01,20231101,8,4,399670.88,294431.9,82929.62,24,22309.37,479515.89,396624.79,2023,Q4,11,November,2023-11,Product,CC1008,Latin America,5.58,-16.65,99.24
2023-12-01,20231201,1,1,1275771.38,868920.66,228420.96,77,178429.76,1389063.82,1265300.73,2023,Q4,12,December,2023-12,Engineering,CC1001,North America,13.99,-8.16,99.18
2023-12-01,20231201,1,2,1032873.62,736355.04,139581.88,73,156936.7,939437.82,1023192.93,2023,Q4,12,December,2023-12,Engineering,CC1001,Europe,15.19,9.95,99.06
2023-12-01,20231201,1,3,1087419.87,674956.09,173327.94,65,239135.84,1046415.21,1073011.53,2023,Q4,12,December,2023-12,Engineering,CC1001,Asia Pacific,21.99,3.92,98.67
2023-12-01,20231201,1,4,862216.55,595426.64,152390.66,48,114399.26,799277.5,855373.55,2023,Q4,12,December,2023-12,Engineering,CC1001,Latin America,13.27,7.87,99.21
2023-12-01,20231201,2,1,1762218.03,1164380.29,73767.06,45,524070.68,2004961.99,1734351.05,2023,Q4,12,December,2023-12,Sales,CC1002,North America,29.74,-12.11,98.42
2023-12-01,20231201,2,2,1582550.56,1201338.94,67776.95,37,313434.67,1423599.05,1591629.9,2023,Q4,12,December,2023-12,Sales,CC1002,Europe,19.81,11.17,99.43
2023-12-01,20231201,2,3,1325547.84,821206.06,57445.23,39,446896.55,1454143.73,1342592.86,2023,Q4,12,December,2023-12,Sales,CC1002,Asia Pacific,33.71,-8.84,98.71
2023-12-01,20231201,2,4,1084352.76,792839.87,55026.04,29,236486.86,1092122.18,1092275.96,2023,Q4,12,December,2023-12,Sales,CC1002,Latin America,21.81,-0.71,99.27
2023-12-01,20231201,3,1,1009538.84,659451.24,82338.25,32,267749.36,1116609.82,1025326.97,2023,Q4,12,December,2023-12,Marketing,CC1003,North America,26.52,-9.59,98.44
2023-12-01,20231201,3,2,826887.83,633791.51,98949.51,25,94146.82,644026.26,833230.98,2023,Q4,12,December,2023-12,Marketing,CC1003,Europe,11.39,28.39,99.23
2023-12-01,20231201,3,3,767118.0,610619.1,91612.32,25,64886.59,605303.13,759250.9,2023,Q4,12,December,2023-12,Marketing,CC1003,Asia Pacific,8.46,26.73,98.97
2023-12-01,20231201,3,4,617784.35,383894.79,68714.9,20,165174.65,610296.03,614889.0,2023,Q4,12,December,2023-12,Marketing,CC1003,Latin America,26.74,1.23,99.53
2023-12-01,20231201,4,1,673395.5,461968.54,78795.84,38,132631.12,621462.6,680456.18,2023,Q4,12,December,2023-12,Operations,CC1004,North America,19.7,8.36,98.95
2023-12-01,20231201,4,2,610660.6,481292.26,63746.56,36,65621.79,458396.81,616460.2,2023,Q4,12,December,2023-12,Operations,CC1004,Europe,10.75,33.22,99.05
2023-12-01,20231201,4,3,449963.69,276033.34,48984.79,32,124945.56,457120.11,452360.72,2023,Q4,12,December,2023-12,Operations,CC1004,Asia Pacific,27.77,-1.57,99.47
2023-12-01,20231201,4,4,403067.6,262570.52,52612.67,21,87884.42,364832.68,401057.44,2023,Q4,12,December,2023-12,Operations,CC1004,Latin America,21.8,10.48,99.5
2023-12-01,20231201,5,1,336320.43,211619.31,11393.21,23,113307.91,308032.2,338369.04,2023,Q4,12,December,2023-12,Finance,CC1005,North America,33.69,9.18,99.39
2023-12-01,20231201,5,2,262320.97,188663.53,6633.94,18,67023.5,237935.05,266618.46,2023,Q4,12,December,2023-12,Finance,CC1005,Europe,25.55,10.25,98.36
2023-12-01,20231201,5,3,226206.03,172806.79,8141.65,17,45257.58,257805.7,224081.24,2023,Q4,12,December,2023-12,Finance,CC1005,Asia Pacific,20.01,-12.26,99.06
2023-12-01,20231201,5,4,198234.15,157217.47,6936.17,14,34080.51,174145.98,200574.19,2023,Q4,12,December,2023-12,Finance,CC1005,Latin America,17.19,13.83,98.82
2023-12-01,20231201,6,1,216445.87,172180.02,5132.98,15,39132.88,252395.96,214709.31,2023,Q4,12,December,2023-12,HR,CC1006,North America,18.08,-14.24,99.2
2023-12-01,20231201,6,2,178209.42,116610.18,4014.64,13,57584.6,198275.38,175275.35,2023,Q4,12,December,2023-12,HR,CC1006,Europe,32.31,-10.12,98.35
2023-12-01,20231201,6,3,173623.68,138252.49,3652.6,11,31718.59,208293.8,171307.81,2023,Q4,12,December,2023-12,HR,CC1006,Asia Pacific,18.27,-16.64,98.67
2023-12-01,20231201,6,4,162424.67,124120.03,2964.55,8,35340.1,133086.83,159544.07,2023,Q4,12,December,2023-12,HR,CC1006,Latin America,21.76,22.04,98.23
2023-12-01,20231201,7,1,430651.13,308412.41,40360.81,64,81877.91,534762.47,436558.73,2023,Q4,12,December,2023-12,Customer Support,CC1007,North America,19.01,-19.47,98.63
2023-12-01,20231201,7,2,398425.22,295518.65,34830.3,50,68076.27,439860.9,396213.42,2023,Q4,12,December,2023-12,Customer Support,CC1007,Europe,17.09,-9.42,99.44
2023-12-01,20231201,7,3,379513.99,233074.46,28679.6,48,117759.92,341878.99,387046.96,2023,Q4,12,December,2023-12,Customer Support,CC1007,Asia Pacific,31.03,11.01,98.02
2023-12-01,20231201,7,4,281334.08,214717.36,21895.15,40,44721.57,238474.4,282407.82,2023,Q4,12,December,2023-12,Customer Support,CC1007,Latin America,15.9,17.97,99.62
2023-12-01,20231201,8,1,903942.69,616659.32,188331.36,41,98952.02,797588.19,900955.45,2023,Q4,12,December,2023-12,Product,CC1008,North America,10.95,13.33,99.67
2023-12-01,20231201,8,2,602973.19,373066.68,97279.91,36,132626.6,712270.33,596617.25,2023,Q4,12,December,2023-12,Product,CC1008,Europe,22.0,-15.34,98.95
2023-12-01,20231201,8,3,554922.11,414641.73,102994.26,30,37286.12,555204.68,547430.9,2023,Q4,12,December,2023-12,Product,CC1008,Asia Pacific,6.72,-0.05,98.65
2023-12-01,20231201,8,4,537668.96,414175.15,123181.66,23,312.14,479515.89,543311.5,2023,Q4,12,December,2023-12,Product,CC1008,Latin America,0.06,12.13,98.95
2024-01-01,20240101,1,1,1224419.08,736762.1,148397.6,83,339259.37,1218957.55,1225301.42,2024,Q1,1,January,2024-01,Engineering,CC1001,North America,27.71,0.45,99.93
2024-01-01,20240101,1,2,973597.77,666464.01,158778.31,67,148355.45,996206.58,963200.48,2024,Q1,1,January,2024-01,Engineering,CC1001,Europe,15.24,-2.27,98.93
2024-01-01,20240101,1,3,1124748.02,807216.19,149193.09,57,168338.75,1139148.23,1139591.98,2024,Q1,1,January,2024-01,Engineering,CC1001,Asia Pacific,14.97,-1.26,98.68
2024-01-01,20240101,1,4,779438.77,507929.13,134079.6,49,137430.03,775392.35,779061.53,2024,Q1,1,January,2024-01,Engineering,CC1001,Latin America,17.63,0.52,99.95
2024-01-01,20240101,2,1,1873877.0,1359236.4,88399.87,53,426240.73,1870163.63,1872819.05,2024,Q1,1,January,2024-01,Sales,CC1002,North America,22.75,0.2,99.94
2024-01-01,20240101,2,2,1747453.09,1368869.47,97885.96,40,280697.65,1785669.76,1753480.79,2024,Q1,1,January,2024-01,Sales,CC1002,Europe,16.06,-2.14,99.66
2024-01-01,20240101,2,3,1538708.45,982408.65,75825.59,34,480474.21,1602540.56,1528578.01,2024,Q1,1,January,2024-01,Sales,CC1002,Asia Pacific,31.23,-3.98,99.34
2024-01-01,20240101,2,4,1362269.92,962594.99,71697.47,28,327977.46,1311781.56,1355503.32,2024,Q1,1,January,2024-01,Sales,CC1002,Latin America,24.08,3.85,99.5
2024-01-01,20240101,3,1,904517.42,655405.01,88529.61,34,160582.8,879233.49,892381.19,2024,Q1,1,January,2024-01,Marketing,CC1003,North America,17.75,2.88,98.66
2024-01-01,20240101,3,2,832723.64,653952.09,90281.29,26,88490.25,834161.93,818874.21,2024,Q1,1,January,2024-01,Marketing,CC1003,Europe,10.63,-0.17,98.34
2024-01-01,20240101,3,3,883219.85,647648.74,80740.57,24,154830.54,848728.56,899677.3,2024,Q1,1,January,2024-01,Marketing,CC1003,Asia Pacific,17.53,4.06,98.14
2024-01-01,20240101,3,4,541244.71,394895.42,48613.61,19,97735.67,556227.52,544999.21,2024,Q1,1,January,2024-01,Marketing,CC1003,Latin America,18.06,-2.69,99.31
2024-01-01,20240101,4,1,708984.75,551940.25,70738.3,39,86306.2,691138.72,722824.53,2024,Q1,1,January,2024-01,Operations,CC1004,North America,12.17,2.58,98.05
2024-01-01,20240101,4,2,552245.83,412263.96,71166.16,32,68815.71,537832.09,547414.45,2024,Q1,1,January,2024-01,Operations,CC1004,Europe,12.46,2.68,99.13
2024-01-01,20240101,4,3,500373.69,323674.24,48507.86,32,128191.59,523671.58,497202.73,2024,Q1,1,January,2024-01,Operations,CC1004,Asia Pacific,25.62,-4.45,99.37
2024-01-01,20240101,4,4,380468.58,228820.79,48948.06,25,102699.73,367023.13,375289.13,2024,Q1,1,January,2024-01,Operations,CC1004,Latin America,26.99,3.66,98.64
2024-01-01,20240101,5,1,372545.2,269446.35,9141.64,25,93957.21,365426.52,370588.97,2024,Q1,1,January,2024-01,Finance,CC1005,North America,25.22,1.95,99.47
2024-01-01,20240101,5,2,308710.59,235295.21,8892.19,22,64523.19,305822.99,312067.33,2024,Q1,1,January,2024-01,Finance,CC1005,Europe,20.9,0.94,98.91
2024-01-01,20240101,5,3,255796.74,199395.22,8925.55,16,47475.98,266962.1,259127.57,2024,Q1,1,January,2024-01,Finance,CC1005,Asia Pacific,18.56,-4.18,98.7
2024-01-01,20240101,5,4,217391.65,139170.28,7317.71,15,70903.66,212807.96,221324.35,2024,Q1,1,January,2024-01,Finance,CC1005,Latin America,32.62,2.15,98.19
2024-01-01,20240101,6,1,222328.82,140063.12,4513.42,16,77752.28,225555.92,218033.15,2024,Q1,1,January,2024-01,HR,CC1006,North America,34.97,-1.43,98.07
2024-01-01,20240101,6,2,243783.17,148443.87,4179.54,12,91159.76,245413.07,247998.34,2024,Q1,1,January,2024-01,HR,CC1006,Europe,37.39,-0.66,98.27
2024-01-01,20240101,6,3,202377.39,154723.89,3259.54,12,44393.96,201559.03,202369.03,2024,Q1,1,January,2024-01,HR,CC1006,Asia Pacific,21.94,0.41,100.0
2024-01-01,20240101,6,4,130697.29,96309.15,2617.31,10,31770.83,130505.05,128864.3,2024,Q1,1,January,2024-01,HR,CC1006,Latin America,24.31,0.15,98.6
2024-01-01,20240101,7,1,536944.78,340679.26,49354.15,66,146911.37,518538.52,546874.78,2024,Q1,1,January,2024-01,Customer Support,CC1007,North America,27.36,3.55,98.15
2024-01-01,20240101,7,2,430760.33,264736.55,36209.13,51,129814.65,443842.24,436236.53,2024,Q1,1,January,2024-01,Customer Support,CC1007,Europe,30.14,-2.95,98.73
2024-01-01,20240101,7,3,440958.88,308836.1,34641.12,51,97481.67,424752.35,441786.4,2024,Q1,1,January,2024-01,Customer Support,CC1007,Asia Pacific,22.11,3.82,99.81
2024-01-01,20240101,7,4,304040.62,187865.06,23525.29,40,92650.26,314869.14,299166.7,2024,Q1,1,January,2024-01,Customer Support,CC1007,Latin America,30.47,-3.44,98.4
2024-01-01,20240101,8,1,751598.9,490447.66,172853.68,37,88297.55,768133.83,739608.36,2024,Q1,1,January,2024-01,Product,CC1008,North America,11.75,-2.15,98.4
2024-01-01,20240101,8,2,740376.13,496950.42,165187.63,32,78238.08,750682.3,732548.35,2024,Q1,1,January,2024-01,Product,CC1008,Europe,10.57,-1.37,98.94
2024-01-01,20240101,8,3,683789.43,529756.02,116342.77,32,37690.64,690188.01,673590.31,2024,Q1,1,January,2024-01,Product,CC1008,Asia Pacific,5.51,-0.93,98.51
2024-01-01,20240101,8,4,488935.63,309091.44,105623.7,25,74220.48,469661.61,489055.71,2024,Q1,1,January,2024-01,Product,CC1008,Latin America,15.18,4.1,99.98
2024-02-01,20240201,1,1,1563988.83,1231223.01,235866.83,89,96898.99,1218957.55,1566221.52,2024,Q1,2,February,2024-02,Engineering,CC1001,North America,6.2,28.31,99.86
2024-02-01,20240201,1,2,1153113.3,887482.84,172481.49,68,93148.97,996206.58,1152666.47,2024,Q1,2,February,2024-02,Engineering,CC1001,Europe,8.08,15.75,99.96
2024-02-01,20240201,1,3,1183332.57,906892.25,170649.81,59,105790.51,1139148.23,1182950.5,2024,Q1,2,February,2024-02,Engineering,CC1001,Asia Pacific,8.94,3.88,99.97
2024-02-01,20240201,1,4,851841.32,551709.89,142800.38,47,157331.05,775392.35,846186.65,2024,Q1,2,February,2024-02,Engineering,CC1001,Latin America,18.47,9.86,99.34
2024-02-01,20240201,2,1,1890798.1,1224800.45,111529.9,47,554467.74,1870163.63,1865753.29,2024,Q1,2,February,2024-02,Sales,CC1002,North America,29.32,1.1,98.68
2024-02-01,20240201,2,2,1765298.64,1167599.5,71853.28,39,525845.86,1785669.76,1768413.23,2024,Q1,2,February,2024-02,Sales,CC1002,Europe,29.79,-1.14,99.82
2024-02-01,20240201,2,3,1632679.09,1096036.71,79913.2,40,456729.18,1602540.56,1624669.07,2024,Q1,2,February,2024-02,Sales,CC1002,Asia Pacific,27.97,1.88,99.51
2024-02-01,20240201,2,4,1159763.73,752331.09,57008.53,30,350424.12,1311781.56,1146124.36,2024,Q1,2,February,2024-02,Sales,CC1002,Latin America,30.22,-11.59,98.82
2024-02-01,20240201,3,1,1139123.38,688292.48,110218.52,34,340612.37,879233.49,1131775.25,2024,Q1,2,February,2024-02,Marketing,CC1003,North America,29.9,29.56,99.35
2024-02-01,20240201,3,2,910266.04,583476.75,99837.81,24,226951.48,834161.93,923102.34,2024,Q1,2,February,2024-02,Marketing,CC1003,Europe,24.93,9.12,98.59
2024-02-01,20240201,3,3,731085.43,566503.19,68795.99,25,95786.25,848728.56,725798.96,2024,Q1,2,February,2024-02,Marketing,CC1003,Asia Pacific,13.1,-13.86,99.28
2024-02-01,20240201,3,4,701367.68,438584.45,61117.74,19,201665.5,556227.52,689639.09,2024,Q1,2,February,2024-02,Marketing,CC1003,Latin America,28.75,26.09,98.33
2024-02-01,20240201,4,1,649378.64,512199.53,92777.7,40,44401.41,691138.72,660373.55,2024,Q1,2,February,2024-02,Operations,CC1004,North America,6.84,-6.04,98.31
2024-02-01,20240201,4,2,603465.56,394635.39,78278.62,35,130551.55,537832.09,615272.37,2024,Q1,2,February,2024-02,Operations,CC1004,Europe,21.63,12.2,98.04
2024-02-01,20240201,4,3,498138.15,365838.59,49065.18,28,83234.38,523671.58,488253.47,2024,Q1,2,February,2024-02,Operations,CC1004,Asia Pacific,16.71,-4.88,98.02
2024-02-01,20240201,4,4,479276.4,364468.01,64109.31,24,50699.08,367023.13,475443.48,2024,Q1,2,February,2024-02,Operations,CC1004,Latin America,10.58,30.58,99.2
2024-02-01,20240201,5,1,319896.56,210151.23,9120.78,25,100624.55,365426.52,320404.07,2024,Q1,2,February,2024-02,Finance,CC1005,North America,31.46,-12.46,99.84
2024-02-01,20240201,5,2,259990.47,156931.76,6559.04,20,96499.68,305822.99,264495.51,2024,Q1,2,February,2024-02,Finance,CC1005,Europe,37.12,-14.99,98.27
2024-02-01,20240201,5,3,279001.54,212143.06,8257.47,17,58601.02,266962.1,274631.26,2024,Q1,2,February,2024-02,Finance,CC1005,Asia Pacific,21.0,4.51,98.43
2024-02-01,20240201,5,4,231914.87,175474.21,6033.83,14,50406.83,212807.96,231797.75,2024,Q1,2,February,2024-02,Finance,CC1005,Latin America,21.74,8.98,99.95
2024-02-01,20240201,6,1,278011.9,219417.39,5737.66,16,52856.86,225555.92,273011.28,2024,Q1,2,February,2024-02,HR,CC1006,North America,19.01,23.26,98.2
2024-02-01,20240201,6,2,194016.41,123679.52,3154.66,14,67182.23,245413.07,195749.6,2024,Q1,2,February,2024-02,HR,CC1006,Europe,34.63,-20.94,99.11
2024-02-01,20240201,6,3,179024.92,137350.74,3086.08,11,38588.09,201559.03,177227.34,2024,Q1,2,February,2024-02,HR,CC1006,Asia Pacific,21.55,-11.18,99.0
2024-02-01,20240201,6,4,150319.96,97848.18,2993.11,9,49478.66,130505.05,153245.6,2024,Q1,2,February,2024-02,HR,CC1006,Latin America,32.92,15.18,98.05
2024-02-01,20240201,7,1,464517.0,291919.34,30514.32,67,142083.35,518538.52,456239.48,2024,Q1,2,February,2024-02,Customer Support,CC1007,North America,30.59,-10.42,98.22
2024-02-01,20240201,7,2,491669.2,345342.41,39758.46,55,106568.33,443842.24,485195.17,2024,Q1,2,February,2024-02,Customer Support,CC1007,Europe,21.67,10.78,98.68
2024-02-01,20240201,7,3,365481.69,242593.39,30332.01,46,92556.28,424752.35,359872.74,2024,Q1,2,February,2024-02,Customer Support,CC1007,Asia Pacific,25.32,-13.95,98.47
2024-02-01,20240201,7,4,356705.31,215591.39,31991.59,40,109122.33,314869.14,353811.91,2024,Q1,2,February,2024-02,Customer Support,CC1007,Latin America,30.59,13.29,99.19
2024-02-01,20240201,8,1,795551.19,500501.72,171675.59,42,123373.87,768133.83,804548.73,2024,Q1,2,February,2024-02,Product,CC1008,North America,15.51,3.57,98.87
2024-02-01,20240201,8,2,842010.9,621728.61,145220.04,32,75062.24,750682.3,853536.13,2024,Q1,2,February,2024-02,Product,CC1008,Europe,8.91,12.17,98.63
2024-02-01,20240201,8,3,611470.54,375751.38,132238.09,30,103481.07,690188.01,621744.22,2024,Q1,2,February,2024-02,Product,CC1008,Asia Pacific,16.92,-11.41,98.32
2024-02-01,20240201,8,4,544511.95,336554.02,128411.45,22,79546.49,469661.61,540966.36,2024,Q1,2,February,2024-02,Product,CC1008,Latin America,14.61,15.94,99.35
2024-03-01,20240301,1,1,1414549.82,863221.75,211886.73,76,339441.34,1218957.55,1408946.52,2024,Q1,3,March,2024-03,Engineering,CC1001,North America,24.0,16.05,99.6
2024-03-01,20240301,1,2,1160010.59,875306.89,195102.45,64,89601.25,996206.58,1153818.51,2024,Q1,3,March,2024-03,Engineering,CC1001,Europe,7.72,16.44,99.47
2024-03-01,20240301,1,3,1051434.02,662700.03,176543.35,64,212190.64,1139148.23,1038412.3,2024,Q1,3,March,2024-03,Engineering,CC1001,Asia Pacific,20.18,-7.7,98.76
2024-03-01,20240301,1,4,816090.89,506923.84,128691.33,44,180475.72,775392.35,831953.55,2024,Q1,3,March,2024-03,Engineering,CC1001,Latin America,22.11,5.25,98.06
2024-03-01,20240301,2,1,2369984.57,1606962.61,122223.13,53,640798.82,1870163.63,2375113.15,2024,Q1,3,March,2024-03,Sales,CC1002,North America,27.04,26.73,99.78
2024-03-01,20240301,2,2,1643719.93,1110728.41,93466.68,42,439524.84,1785669.76,1653629.88,2024,Q1,3,March,2024-03,Sales,CC1002,Europe,26.74,-7.95,99.4
2024-03-01,20240301,2,3,1819854.54,1417292.91,106271.96,34,296289.68,1602540.56,1823066.66,2024,Q1,3,March,2024-03,Sales,CC1002,Asia Pacific,16.28,13.56,99.82
2024-03-01,20240301,2,4,1367123.55,1027236.63,71274.06,27,268612.85,1311781.56,1383387.98,2024,Q1,3,March,2024-03,Sales,CC1002,Latin America,19.65,4.22,98.81
2024-03-01,20240301,3,1,1165131.86,719151.03,114826.53,30,331154.31,879233.49,1157557.44,2024,Q1,3,March,2024-03,Marketing,CC1003,North America,28.42,32.52,99.35
2024-03-01,20240301,3,2,779120.48,529853.33,79466.45,28,169800.7,834161.93,784215.62,2024,Q1,3,March,2024-03,Marketing,CC1003,Europe,21.79,-6.6,99.35
2024-03-01,20240301,3,3,902419.41,580339.23,76542.56,26,245537.63,848728.56,890024.24,2024,Q1,3,March,2024-03,Marketing,CC1003,Asia Pacific,27.21,6.33,98.63
2024-03-01,20240301,3,4,728366.41,559755.16,72862.18,21,95749.07,556227.52,716636.12,2024,Q1,3,March,2024-03,Marketing,CC1003,Latin America,13.15,30.95,98.39
2024-03-01,20240301,4,1,685591.75,498867.33,77334.98,44,109389.45,691138.72,673679.62,2024,Q1,3,March,2024-03,Operations,CC1004,North America,15.96,-0.8,98.26
2024-03-01,20240301,4,2,616200.86,442538.98,78461.44,32,95200.44,537832.09,612862.69,2024,Q1,3,March,2024-03,Operations,CC1004,Europe,15.45,14.57,99.46
2024-03-01,20240301,4,3,602824.36,385197.87,81797.03,31,135829.46,523671.58,609146.48,2024,Q1,3,March,2024-03,Operations,CC1004,Asia Pacific,22.53,15.11,98.95
2024-03-01,20240301,4,4,452277.5,290137.06,55767.18,25,106373.27,367023.13,451049.41,2024,Q1,3,March,2024-03,Operations,CC1004,Latin America,23.52,23.23,99.73
2024-03-01,20240301,5,1,415316.5,286752.38,10679.21,24,117884.91,365426.52,422820.48,2024,Q1,3,March,2024-03,Finance,CC1005,North America,28.38,13.65,98.19
2024-03-01,20240301,5,2,287180.17,222168.22,9929.26,20,55082.7,305822.99,282392.97,2024,Q1,3,March,2024-03,Finance,CC1005,Europe,19.18,-6.1,98.33
2024-03-01,20240301,5,3,291647.46,193158.83,9739.59,18,88749.04,266962.1,291475.58,2024,Q1,3,March,2024-03,Finance,CC1005,Asia Pacific,30.43,9.25,99.94
2024-03-01,20240301,5,4,230238.39,155749.98,6750.02,14,67738.39,212807.96,229016.66,2024,Q1,3,March,2024-03,Finance,CC1005,Latin America,29.42,8.19,99.47
2024-03-01,20240301,6,1,275366.89,209763.45,5202.82,16,60400.62,225555.92,277247.4,2024,Q1,3,March,2024-03,HR,CC1006,North America,21.93,22.08,99.32
2024-03-01,20240301,6,2,211950.41,138934.46,4973.9,14,68042.04,245413.07,212604.8,2024,Q1,3,March,2024-03,HR,CC1006,Europe,32.1,-13.64,99.69
2024-03-01,20240301,6,3,214011.68,129661.09,4482.44,12,79868.15,201559.03,214403.32,2024,Q1,3,March,2024-03,HR,CC1006,Asia Pacific,37.32,6.18,99.82
2024-03-01,20240301,6,4,152668.07,94088.53,2678.82,10,55900.71,130505.05,152110.52,2024,Q1,3,March,2024-03,HR,CC1006,Latin America,36.62,16.98,99.63
2024-03-01,20240301,7,1,541017.9,330314.13,35275.51,69,175428.26,518538.52,541842.3,2024,Q1,3,March,2024-03,Customer Support,CC1007,North America,32.43,4.34,99.85
2024-03-01,20240301,7,2,456589.41,296155.26,40103.17,51,120330.98,443842.24,450926.51,2024,Q1,3,March,2024-03,Customer Support,CC1007,Europe,26.35,2.87,98.76
2024-03-01,20240301,7,3,405029.25,266207.89,29129.22,51,109692.13,424752.35,407475.17,2024,Q1,3,March,2024-03,Customer Support,CC1007,Asia Pacific,27.08,-4.64,99.4
2024-03-01,20240301,7,4,349814.87,239113.05,23206.27,36,87495.54,314869.14,356531.39,2024,Q1,3,March,2024-03,Customer Support,CC1007,Latin America,25.01,11.1,98.08
2024-03-01,20240301,8,1,937101.69,695280.18,150487.87,41,91333.64,768133.83,919766.39,2024,Q1,3,March,2024-03,Product,CC1008,North America,9.75,22.0,98.15
2024-03-01,20240301,8,2,774763.72,607534.2,183985.88,34,-16756.36,750682.3,773468.46,2024,Q1,3,March,2024-03,Product,CC1008,Europe,-2.16,3.21,99.83
2024-03-01,20240301,8,3,774297.35,568893.27,127907.68,30,77496.4,690188.01,766252.25,2024,Q1,3,March,2024-03,Product,CC1008,Asia Pacific,10.01,12.19,98.96
2024-03-01,20240301,8,4,526487.11,363851.62,108757.28,23,53878.22,469661.61,519416.82,2024,Q1,3,March,2024-03,Product,CC1008,Latin America,10.23,12.1,98.66
2024-04-01,20240401,1,1,1451580.34,1111969.44,232021.67,80,107589.23,1218957.55,1476868.21,2024,Q2,4,April,2024-04,Engineering,CC1001,North America,7.41,19.08,98.26
2024-04-01,20240401,1,2,1357723.4,871481.48,166137.9,72,320104.02,996206.58,1375515.56,2024,Q2,4,April,2024-04,Engineering,CC1001,Europe,23.58,36.29,98.69
2024-04-01,20240401,1,3,1240108.68,964763.98,193496.74,62,81847.96,1139148.23,1216687.55,2024,Q2,4,April,2024-04,Engineering,CC1001,Asia Pacific,6.6,8.86,98.11
2024-04-01,20240401,1,4,781527.16,540756.58,123254.83,49,117515.75,775392.35,789112.22,2024,Q2,4,April,2024-04,Engineering,CC1001,Latin America,15.04,0.79,99.03
2024-04-01,20240401,2,1,2031245.29,1448258.64,84830.58,49,498156.07,1870163.63,2051570.81,2024,Q2,4,April,2024-04,Sales,CC1002,North America,24.52,8.61,99.0
2024-04-01,20240401,2,2,1917612.03,1530500.9,87362.23,41,299748.9,1785669.76,1904536.25,2024,Q2,4,April,2024-04,Sales,CC1002,Europe,15.63,7.39,99.32
2024-04-01,20240401,2,3,1602141.14,1235875.69,86009.64,40,280255.81,1602540.56,1583140.45,2024,Q2,4,April,2024-04,Sales,CC1002,Asia Pacific,17.49,-0.02,98.81
2024-04-01,20240401,2,4,1410824.02,863357.22,81506.1,28,465960.69,1311781.56,1400360.65,2024,Q2,4,April,2024-04,Sales,CC1002,Latin America,33.03,7.55,99.26
2024-04-01,20240401,3,1,1091415.62,860186.16,89399.22,32,141830.23,879233.49,1106982.35,2024,Q2,4,April,2024-04,Marketing,CC1003,North America,13.0,24.13,98.57
2024-04-01,20240401,3,2,877967.06,561750.88,85155.58,27,231060.61,834161.93,892555.93,2024,Q2,4,April,2024-04,Marketing,CC1003,Europe,26.32,5.25,98.34
2024-04-01,20240401,3,3,879694.27,616686.02,105154.1,24,157854.16,848728.56,864149.65,2024,Q2,4,April,2024-04,Marketing,CC1003,Asia Pacific,17.94,3.65,98.23
2024-04-01,20240401,3,4,589117.57,404849.9,50826.77,21,133440.9,556227.52,595405.78,2024,Q2,4,April,2024-04,Marketing,CC1003,Latin America,22.65,5.91,98.93
2024-04-01,20240401,4,1,674584.99,484460.57,88120.74,45,102003.68,691138.72,684882.81,2024,Q2,4,April,2024-04,Operations,CC1004,North America,15.12,-2.4,98.47
2024-04-01,20240401,4,2,606904.53,458170.76,74638.91,35,74094.87,537832.09,597551.94,2024,Q2,4,April,2024-04,Operations,CC1004,Europe,12.21,12.84,98.46
2024-04-01,20240401,4,3,482751.2,340777.32,52574.19,28,89399.69,523671.58,487054.23,2024,Q2,4,April,2024-04,Operations,CC1004,Asia Pacific,18.52,-7.81,99.11
2024-04-01,20240401,4,4,363591.48,261442.41,44315.0,26,57834.07,367023.13,363361.88,2024,Q2,4,April,2024-04,Operations,CC1004,Latin America,15.91,-0.93,99.94
2024-04-01,20240401,5,1,315033.49,223780.13,10740.49,27,80512.87,365426.52,314155.72,2024,Q2,4,April,2024-04,Finance,CC1005,North America,25.56,-13.79,99.72
2024-04-01,20240401,5,2,285790.5,223296.88,7514.83,21,54978.79,305822.99,284712.66,2024,Q2,4,April,2024-04,Finance,CC1005,Europe,19.24,-6.55,99.62
2024-04-01,20240401,5,3,234438.46,156946.63,6372.68,19,71119.15,266962.1,238647.01,2024,Q2,4,April,2024-04,Finance,CC1005,Asia Pacific,30.34,-12.18,98.2
2024-04-01,20240401,5,4,196738.73,149972.59,4852.43,14,41913.71,212807.96,193359.15,2024,Q2,4,April,2024-04,Finance,CC1005,Latin America,21.3,-7.55,98.28
2024-04-01,20240401,6,1,307267.85,231455.74,6533.62,17,69278.5,225555.92,309080.98,2024,Q2,4,April,2024-04,HR,CC1006,North America,22.55,36.23,99.41
2024-04-01,20240401,6,2,258429.37,191959.16,6046.54,13,60423.67,245413.07,254470.9,2024,Q2,4,April,2024-04,HR,CC1006,Europe,23.38,5.3,98.47
2024-04-01,20240401,6,3,205624.61,128592.4,4264.64,12,72767.56,201559.03,206632.79,2024,Q2,4,April,2024-04,HR,CC1006,Asia Pacific,35.39,2.02,99.51
2024-04-01,20240401,6,4,135279.2,86439.09,2696.2,10,46143.9,130505.05,134649.39,2024,Q2,4,April,2024-04,HR,CC1006,Latin America,34.11,3.66,99.53
2024-04-01,20240401,7,1,531399.42,394797.47,44276.93,64,92325.02,518538.52,529503.73,2024,Q2,4,April,2024-04,Customer Support,CC1007,North America,17.37,2.48,99.64
2024-04-01,20240401,7,2,414739.07,328972.81,28277.03,54,57489.23,443842.24,406872.95,2024,Q2,4,April,2024-04,Customer Support,CC1007,Europe,13.86,-6.56,98.1
2024-04-01,20240401,7,3,373764.28,282601.01,26327.06,45,64836.2,424752.35,373382.34,2024,Q2,4,April,2024-04,Customer Support,CC1007,Asia Pacific,17.35,-12.0,99.9
2024-04-01,20240401,7,4,270551.0,166917.31,24307.39,41,79326.29,314869.14,275043.65,2024,Q2,4,April,2024-04,Customer Support,CC1007,Latin America,29.32,-14.08,98.34
2024-04-01,20240401,8,1,1002607.91,738556.19,164614.81,44,99436.91,768133.83,1016464.38,2024,Q2,4,April,2024-04,Product,CC1008,North America,9.92,30.53,98.62
2024-04-01,20240401,8,2,822947.81,577459.03,147004.93,37,98483.85,750682.3,830425.53,2024,Q2,4,April,2024-04,Product,CC1008,Europe,11.97,9.63,99.09
2024-04-01,20240401,8,3,777697.56,490834.88,138471.51,29,148391.16,690188.01,786797.86,2024,Q2,4,April,2024-04,Product,CC1008,Asia Pacific,19.08,12.68,98.83
2024-04-01,20240401,8,4,478978.88,293773.06,114899.78,22,70306.04,469661.61,485401.87,2024,Q2,4,April,2024-04,Product,CC1008,Latin America,14.68,1.98,98.66
2024-05-01,20240501,1,1,1354201.71,1040464.44,207568.29,90,106168.98,1218957.55,1377287.76,2024,Q2,5,May,2024-05,Engineering,CC1001,North America,7.84,11.1,98.3
2024-05-01,20240501,1,2,1002809.84,616810.72,135400.91,72,250598.21,996206.58,1018384.37,2024,Q2,5,May,2024-05,Engineering,CC1001,Europe,24.99,0.66,98.45
2024-05-01,20240501,1,3,1045680.77,754348.48,137308.33,66,154023.95,1139148.23,1065227.81,2024,Q2,5,May,2024-05,Engineering,CC1001,Asia Pacific,14.73,-8.21,98.13
2024-05-01,20240501,1,4,766053.19,535444.52,95884.55,49,134724.12,775392.35,766138.48,2024,Q2,5,May,2024-05,Engineering,CC1001,Latin America,17.59,-1.2,99.99
2024-05-01,20240501,2,1,1891002.94,1301791.47,88275.98,50,500935.5,1870163.63,1897481.85,2024,Q2,5,May,2024-05,Sales,CC1002,North America,26.49,1.11,99.66
2024-05-01,20240501,2,2,1503895.86,1131232.27,81601.82,40,291061.78,1785669.76,1477002.35,2024,Q2,5,May,2024-05,Sales,CC1002,Europe,19.35,-15.78,98.21
2024-05-01,20240501,2,3,1709019.27,1351894.11,76569.24,36,280555.91,1602540.56,1687404.48,2024,Q2,5,May,2024-05,Sales,CC1002,Asia Pacific,16.42,6.64,98.74
2024-05-01,20240501,2,4,1263300.22,797102.36,59531.61,30,406666.25,1311781.56,1266338.0,2024,Q2,5,May,2024-05,Sales,CC1002,Latin America,32.19,-3.7,99.76
2024-05-01,20240501,3,1,1022349.59,699338.16,104774.92,30,218236.51,879233.49,1005113.18,2024,Q2,5,May,2024-05,Marketing,CC1003,North America,21.35,16.28,98.31
2024-05-01,20240501,3,2,982880.88,605037.68,106418.62,30,271424.58,834161.93,973865.26,2024,Q2,5,May,2024-05,Marketing,CC1003,Europe,27.62,17.83,99.08
2024-05-01,20240501,3,3,762958.83,544588.02,87945.01,27,130425.8,848728.56,770269.91,2024,Q2,5,May,2024-05,Marketing,CC1003,Asia Pacific,17.09,-10.11,99.04
2024-05-01,20240501,3,4,540833.71,396880.45,52142.94,19,91810.32,556227.52,531080.28,2024,Q2,5,May,2024-05,Marketing,CC1003,Latin America,16.98,-2.77,98.2
2024-05-01,20240501,4,1,640204.03,485340.42,75409.65,40,79453.96,691138.72,637233.98,2024,Q2,5,May,2024-05,Operations,CC1004,North America,12.41,-7.37,99.54
2024-05-01,20240501,4,2,650516.07,487756.82,70952.53,32,91806.72,537832.09,644062.91,2024,Q2,5,May,2024-05,Operations,CC1004,Europe,14.11,20.95,99.01
2024-05-01,20240501,4,3,595999.29,426924.88,72477.72,32,96596.69,523671.58,592805.41,2024,Q2,5,May,2024-05,Operations,CC1004,Asia Pacific,16.21,13.81,99.46
2024-05-01,20240501,4,4,449521.57,316758.64,45673.14,22,87089.79,367023.13,450184.33,2024,Q2,5,May,2024-05,Operations,CC1004,Latin America,19.37,22.48,99.85
2024-05-01,20240501,5,1,399006.59,264010.86,13739.59,26,121256.14,365426.52,394981.61,2024,Q2,5,May,2024-05,Finance,CC1005,North America,30.39,9.19,98.99
2024-05-01,20240501,5,2,253105.25,157018.77,8287.15,19,87799.33,305822.99,251801.97,2024,Q2,5,May,2024-05,Finance,CC1005,Europe,34.69,-17.24,99.49
2024-05-01,20240501,5,3,264734.88,197252.27,6713.35,18,60769.25,266962.1,264576.81,2024,Q2,5,May,2024-05,Finance,CC1005,Asia Pacific,22.95,-0.83,99.94
2024-05-01,20240501,5,4,208320.66,159088.68,5428.87,15,43803.11,212807.96,209927.89,2024,Q2,5,May,2024-05,Finance,CC1005,Latin America,21.03,-2.11,99.23
2024-05-01,20240501,6,1,269035.03,199060.51,5191.34,15,64783.17,225555.92,270818.89,2024,Q2,5,May,2024-05,HR,CC1006,North America,24.08,19.28,99.34
2024-05-01,20240501,6,2,222132.07,161684.37,4154.76,15,56292.94,245413.07,222908.38,2024,Q2,5,May,2024-05,HR,CC1006,Europe,25.34,-9.49,99.65
2024-05-01,20240501,6,3,173766.94,119892.37,3831.71,13,50042.85,201559.03,173729.38,2024,Q2,5,May,2024-05,HR,CC1006,Asia Pacific,28.8,-13.79,99.98
2024-05-01,20240501,6,4,172628.79,112818.73,3329.11,10,56480.95,130505.05,175365.0,2024,Q2,5,May,2024-05,HR,CC1006,Latin America,32.72,32.28,98.41
2024-05-01,20240501,7,1,558683.76,431189.95,37342.84,72,90150.97,518538.52,554675.09,2024,Q2,5,May,2024-05,Customer Support,CC1007,North America,16.14,7.74,99.28
2024-05-01,20240501,7,2,398443.26,258141.02,30829.54,53,109472.7,443842.24,395583.51,2024,Q2,5,May,2024-05,Customer Support,CC1007,Europe,27.48,-10.23,99.28
2024-05-01,20240501,7,3,353436.89,232998.09,29092.48,49,91346.32,424752.35,351269.88,2024,Q2,5,May,2024-05,Customer Support,CC1007,Asia Pacific,25.85,-16.79,99.39
2024-05-01,20240501,7,4,331523.93,258158.35,29246.13,37,44119.45,314869.14,334765.47,2024,Q2,5,May,2024-05,Customer Support,CC1007,Latin America,13.31,5.29,99.02
2024-05-01,20240501,8,1,789913.96,494536.37,148227.48,44,147150.1,768133.83,781899.43,2024,Q2,5,May,2024-05,Product,CC1008,North America,18.63,2.84,98.99
2024-05-01,20240501,8,2,638697.38,400042.93,146069.83,35,92584.61,750682.3,632392.19,2024,Q2,5,May,2024-05,Product,CC1008,Europe,14.5,-14.92,99.01
2024-05-01,20240501,8,3,672473.46,474440.73,142856.82,29,55175.91,690188.01,682275.51,2024,Q2,5,May,2024-05,Product,CC1008,Asia Pacific,8.2,-2.57,98.54
2024-05-01,20240501,8,4,485076.04,358386.95,78237.9,23,48451.19,469661.61,482198.76,2024,Q2,5,May,2024-05,Product,CC1008,Latin America,9.99,3.28,99.41
2024-06-01,20240601,1,1,1371258.16,842702.93,229559.42,79,298995.8,1218957.55,1380968.74,2024,Q2,6,June,2024-06,Engineering,CC1001,North America,21.8,12.49,99.29
2024-06-01,20240601,1,2,1230606.98,876654.13,202377.0,72,151575.85,996206.58,1223495.54,2024,Q2,6,June,2024-06,Engineering,CC1001,Europe,12.32,23.53,99.42
2024-06-01,20240601,1,3,1109265.96,730940.01,171129.54,66,207196.41,1139148.23,1103895.15,2024,Q2,6,June,2024-06,Engineering,CC1001,Asia Pacific,18.68,-2.62,99.52
2024-06-01,20240601,1,4,742879.59,513975.51,125604.45,53,103299.63,775392.35,744219.25,2024,Q2,6,June,2024-06,Engineering,CC1001,Latin America,13.91,-4.19,99.82
2024-06-01,20240601,2,1,2128752.29,1661820.54,89345.73,48,377586.03,1870163.63,2146540.15,2024,Q2,6,June,2024-06,Sales,CC1002,North America,17.74,13.83,99.16
2024-06-01,20240601,2,2,1856332.69,1431985.81,89664.85,38,334682.03,1785669.76,1851712.76,2024,Q2,6,June,2024-06,Sales,CC1002,Europe,18.03,3.96,99.75
2024-06-01,20240601,2,3,1399788.79,921395.98,77611.78,34,400781.03,1602540.56,1418130.57,2024,Q2,6,June,2024-06,Sales,CC1002,Asia Pacific,28.63,-12.65,98.69
2024-06-01,20240601,2,4,1158699.38,833351.41,48425.57,28,276922.4,1311781.56,1139682.85,2024,Q2,6,June,2024-06,Sales,CC1002,Latin America,23.9,-11.67,98.36
2024-06-01,20240601,3,1,1155767.76,880062.05,113710.57,31,161995.14,879233.49,1175806.69,2024,Q2,6,June,2024-06,Marketing,CC1003,North America,14.02,31.45,98.27
2024-06-01,20240601,3,2,806558.62,509903.85,82693.69,30,213961.08,834161.93,790551.02,2024,Q2,6,June,2024-06,Marketing,CC1003,Europe,26.53,-3.31,98.02
2024-06-01,20240601,3,3,701582.48,552629.17,60927.83,23,88025.47,848728.56,703552.16,2024,Q2,6,June,2024-06,Marketing,CC1003,Asia Pacific,12.55,-17.34,99.72
2024-06-01,20240601,3,4,656485.17,456534.21,78635.48,20,121315.48,556227.52,645300.63,2024,Q2,6,June,2024-06,Marketing,CC1003,Latin America,18.48,18.02,98.3
2024-06-01,20240601,4,1,776864.64,529494.5,85296.1,42,162074.03,691138.72,770783.58,2024,Q2,6,June,2024-06,Operations,CC1004,North America,20.86,12.4,99.22
2024-06-01,20240601,4,2,494028.61,296558.29,58087.88,37,139382.43,537832.09,495457.64,2024,Q2,6,June,2024-06,Operations,CC1004,Europe,28.21,-8.14,99.71
2024-06-01,20240601,4,3,583619.29,383653.42,63884.04,29,136081.83,523671.58,575776.93,2024,Q2,6,June,2024-06,Operations,CC1004,Asia Pacific,23.32,11.45,98.66
2024-06-01,20240601,4,4,369357.5,280182.78,51516.63,27,37658.09,367023.13,365402.27,2024,Q2,6,June,2024-06,Operations,CC1004,Latin America,10.2,0.64,98.93
2024-06-01,20240601,5,1,377109.33,251023.21,9561.26,27,116524.86,365426.52,379162.4,2024,Q2,6,June,2024-06,Finance,CC1005,North America,30.9,3.2,99.46
2024-06-01,20240601,5,2,253636.23,173985.9,6961.58,22,72688.76,305822.99,253163.62,2024,Q2,6,June,2024-06,Finance,CC1005,Europe,28.66,-17.06,99.81
2024-06-01,20240601,5,3,291053.78,177819.01,8225.23,18,105009.53,266962.1,291090.26,2024,Q2,6,June,2024-06,Finance,CC1005,Asia Pacific,36.08,9.02,99.99
2024-06-01,20240601,5,4,186499.72,139100.45,6433.67,16,40965.59,212807.96,188775.71,2024,Q2,6,June,2024-06,Finance,CC1005,Latin America,21.97,-12.36,98.78
2024-06-01,20240601,6,1,280493.18,199180.75,6341.14,16,74971.29,225555.92,279354.14,2024,Q2,6,June,2024-06,HR,CC1006,North America,26.73,24.36,99.59
2024-06-01,20240601,6,2,199883.13,138614.45,3654.79,15,57613.89,245413.07,198386.76,2024,Q2,6,June,2024-06,HR,CC1006,Europe,28.82,-18.55,99.25
2024-06-01,20240601,6,3,167396.33,118075.25,2754.81,11,46566.27,201559.03,165517.41,2024,Q2,6,June,2024-06,HR,CC1006,Asia Pacific,27.82,-16.95,98.88
2024-06-01,20240601,6,4,146466.62,100571.33,3280.49,10,42614.8,130505.05,146034.94,2024,Q2,6,June,2024-06,HR,CC1006,Latin America,29.1,12.23,99.71
2024-06-01,20240601,7,1,482276.48,319890.98,42810.64,61,119574.86,518538.52,472878.29,2024,Q2,6,June,2024-06,Customer Support,CC1007,North America,24.79,-6.99,98.05
2024-06-01,20240601,7,2,460504.58,320248.37,31400.98,53,108855.24,443842.24,468471.39,2024,Q2,6,June,2024-06,Customer Support,CC1007,Europe,23.64,3.75,98.27
2024-06-01,20240601,7,3,421758.83,312926.92,33500.81,50,75331.1,424752.35,429776.38,2024,Q2,6,June,2024-06,Customer Support,CC1007,Asia Pacific,17.86,-0.7,98.1
2024-06-01,20240601,7,4,337474.39,217014.19,30357.63,37,90102.57,314869.14,333607.44,2024,Q2,6,June,2024-06,Customer Support,CC1007,Latin America,26.7,7.18,98.85
2024-06-01,20240601,8,1,890692.41,606561.73,208888.35,38,75242.34,768133.83,891103.04,2024,Q2,6,June,2024-06,Product,CC1008,North America,8.45,15.96,99.95
2024-06-01,20240601,8,2,793517.3,619596.35,136899.46,34,37021.49,750682.3,797298.3,2024,Q2,6,June,2024-06,Product,CC1008,Europe,4.67,5.71,99.52
2024-06-01,20240601,8,3,569665.82,452089.32,132834.64,29,-15258.15,690188.01,561033.22,2024,Q2,6,June,2024-06,Product,CC1008,Asia Pacific,-2.68,-17.46,98.48
2024-06-01,20240601,8,4,432119.73,337869.54,75832.65,24,18417.53,469661.61,431235.63,2024,Q2,6,June,2024-06,Product,CC1008,Latin America,4.26,-7.99,99.8
2024-07-01,20240701,1,1,1333506.98,819236.1,178163.89,92,336106.99,1218957.55,1355291.69,2024,Q3,7,July,2024-07,Engineering,CC1001,North America,25.2,9.4,98.37
2024-07-01,20240701,1,2,1170270.66,706703.34,163393.66,72,300173.66,996206.58,1159747.13,2024,Q3,7,July,2024-07,Engineering,CC1001,Europe,25.65,17.47,99.1
2024-07-01,20240701,1,3,1090627.01,792643.6,135580.65,69,162402.76,1139148.23,1110597.12,2024,Q3,7,July,2024-07,Engineering,CC1001,Asia Pacific,14.89,-4.26,98.17
2024-07-01,20240701,1,4,659736.12,466085.13,91176.76,48,102474.24,775392.35,651282.29,2024,Q3,7,July,2024-07,Engineering,CC1001,Latin America,15.53,-14.92,98.72
2024-07-01,20240701,2,1,1988057.92,1573738.44,99525.07,46,314794.41,1870163.63,1997600.71,2024,Q3,7,July,2024-07,Sales,CC1002,North America,15.83,6.3,99.52
2024-07-01,20240701,2,2,1541205.9,1188554.93,75046.81,39,277604.16,1785669.76,1522163.1,2024,Q3,7,July,2024-07,Sales,CC1002,Europe,18.01,-13.69,98.76
2024-07-01,20240701,2,3,1574390.37,1028261.94,87134.11,36,458994.33,1602540.56,1563160.96,2024,Q3,7,July,2024-07,Sales,CC1002,Asia Pacific,29.15,-1.76,99.29
2024-07-01,20240701,2,4,1121427.37,884401.55,65754.48,28,171271.34,1311781.56,1115067.48,2024,Q3,7,July,2024-07,Sales,CC1002,Latin America,15.27,-14.51,99.43
2024-07-01,20240701,3,1,869120.59,610120.06,85541.72,36,173458.81,879233.49,884069.65,2024,Q3,7,July,2024-07,Marketing,CC1003,North America,19.96,-1.15,98.28
2024-07-01,20240701,3,2,781127.83,545498.74,90493.23,30,145135.86,834161.93,765619.52,2024,Q3,7,July,2024-07,Marketing,CC1003,Europe,18.58,-6.36,98.01
2024-07-01,20240701,3,3,689136.18,471613.68,61463.13,24,156059.37,848728.56,676395.0,2024,Q3,7,July,2024-07,Marketing,CC1003,Asia Pacific,22.65,-18.8,98.15
2024-07-01,20240701,3,4,590949.13,385595.52,48513.31,18,156840.29,556227.52,598085.76,2024,Q3,7,July,2024-07,Marketing,CC1003,Latin America,26.54,6.24,98.79
2024-07-01,20240701,4,1,715798.88,498634.99,83012.19,46,134151.7,691138.72,707225.46,2024,Q3,7,July,2024-07,Operations,CC1004,North America,18.74,3.57,98.8
2024-07-01,20240701,4,2,493522.36,324922.01,51470.61,34,117129.74,537832.09,501632.6,2024,Q3,7,July,2024-07,Operations,CC1004,Europe,23.73,-8.24,98.36
2024-07-01,20240701,4,3,502445.26,342863.27,70770.28,29,88811.71,523671.58,496622.44,2024,Q3,7,July,2024-07,Operations,CC1004,Asia Pacific,17.68,-4.05,98.84
2024-07-01,20240701,4,4,385186.23,278532.22,37709.25,24,68944.76,367023.13,387484.32,2024,Q3,7,July,2024-07,Operations,CC1004,Latin America,17.9,4.95,99.4
2024-07-01,20240701,5,1,342998.2,249575.08,9551.39,23,83871.72,365426.52,341998.18,2024,Q3,7,July,2024-07,Finance,CC1005,North America,24.45,-6.14,99.71
2024-07-01,20240701,5,2,239751.38,189289.65,7121.11,20,43340.63,305822.99,242305.25,2024,Q3,7,July,2024-07,Finance,CC1005,Europe,18.08,-21.6,98.93
2024-07-01,20240701,5,3,242670.56,160649.56,8188.58,20,73832.42,266962.1,244349.92,2024,Q3,7,July,2024-07,Finance,CC1005,Asia Pacific,30.42,-9.1,99.31
2024-07-01,20240701,5,4,163191.91,116399.01,5411.37,13,41381.53,212807.96,161420.76,2024,Q3,7,July,2024-07,Finance,CC1005,Latin America,25.36,-23.31,98.91
2024-07-01,20240701,6,1,270683.24,163499.27,5960.94,16,101223.04,225555.92,270106.92,2024,Q3,7,July,2024-07,HR,CC1006,North America,37.4,20.01,99.79
2024-07-01,20240701,6,2,172428.3,131714.46,3255.2,14,37458.63,245413.07,173651.16,2024,Q3,7,July,2024-07,HR,CC1006,Europe,21.72,-29.74,99.29
2024-07-01,20240701,6,3,193185.57,152847.65,3912.15,12,36425.77,201559.03,196691.53,2024,Q3,7,July,2024-07,HR,CC1006,Asia Pacific,18.86,-4.15,98.19
2024-07-01,20240701,6,4,147683.76,97416.65,2512.35,10,47754.76,130505.05,146869.62,2024,Q3,7,July,2024-07,HR,CC1006,Latin America,32.34,13.16,99.45
2024-07-01,20240701,7,1,509019.15,353342.41,35817.52,69,119859.23,518538.52,500074.33,2024,Q3,7,July,2024-07,Customer Support,CC1007,North America,23.55,-1.84,98.24
2024-07-01,20240701,7,2,394178.91,279600.16,30727.63,59,83851.12,443842.24,399349.35,2024,Q3,7,July,2024-07,Customer Support,CC1007,Europe,21.27,-11.19,98.69
2024-07-01,20240701,7,3,393868.46,239378.51,27654.34,51,126835.6,424752.35,400718.97,2024,Q3,7,July,2024-07,Customer Support,CC1007,Asia Pacific,32.2,-7.27,98.26
2024-07-01,20240701,7,4,311756.97,239587.38,22977.32,39,49192.27,314869.14,311391.67,2024,Q3,7,July,2024-07,Customer Support,CC1007,Latin America,15.78,-0.99,99.88
2024-07-01,20240701,8,1,726202.97,440234.13,171203.97,40,114764.86,768133.83,718648.97,2024,Q3,7,July,2024-07,Product,CC1008,North America,15.8,-5.46,98.96
2024-07-01,20240701,8,2,590196.75,463718.5,121804.2,36,4674.05,750682.3,599913.21,2024,Q3,7,July,2024-07,Product,CC1008,Europe,0.79,-21.38,98.35
2024-07-01,20240701,8,3,578935.12,419323.55,94426.61,29,65184.96,690188.01,586605.91,2024,Q3,7,July,2024-07,Product,CC1008,Asia Pacific,11.26,-16.12,98.68
2024-07-01,20240701,8,4,509936.4,341722.94,96961.78,25,71251.69,469661.61,499742.59,2024,Q3,7,July,2024-07,Product,CC1008,Latin America,13.97,8.58,98.0
2024-08-01,20240801,1,1,1156574.98,742112.13,156171.14,91,258291.72,1218957.55,1146382.03,2024,Q3,8,August,2024-08,Engineering,CC1001,North America,22.33,-5.12,99.12
2024-08-01,20240801,1,2,948225.41,664566.33,163036.65,67,120622.43,996206.58,932239.71,2024,Q3,8,August,2024-08,Engineering,CC1001,Europe,12.72,-4.82,98.31
2024-08-01,20240801,1,3,899921.46,674518.46,137725.27,68,87677.73,1139148.23,916465.34,2024,Q3,8,August,2024-08,Engineering,CC1001,Asia Pacific,9.74,-21.0,98.16
2024-08-01,20240801,1,4,795668.96,573486.85,119032.47,45,103149.64,775392.35,811083.36,2024,Q3,8,August,2024-08,Engineering,CC1001,Latin America,12.96,2.62,98.06
2024-08-01,20240801,2,1,1815121.06,1144335.16,96807.99,49,573977.91,1870163.63,1821348.98,2024,Q3,8,August,2024-08,Sales,CC1002,North America,31.62,-2.94,99.66
2024-08-01,20240801,2,2,1608189.79,1108277.5,91220.34,40,408691.95,1785669.76,1604885.45,2024,Q3,8,August,2024-08,Sales,CC1002,Europe,25.41,-9.94,99.79
2024-08-01,20240801,2,3,1426602.17,1045306.99,79432.41,37,301862.77,1602540.56,1434936.2,2024,Q3,8,August,2024-08,Sales,CC1002,Asia Pacific,21.16,-10.98,99.42
2024-08-01,20240801,2,4,982170.96,772506.55,46811.42,31,162852.98,1311781.56,963326.67,2024,Q3,8,August,2024-08,Sales,CC1002,Latin America,16.58,-25.13,98.08
2024-08-01,20240801,3,1,857258.41,597866.17,98696.25,34,160696.0,879233.49,871998.82,2024,Q3,8,August,2024-08,Marketing,CC1003,North America,18.75,-2.5,98.28
2024-08-01,20240801,3,2,779885.53,544430.15,66126.39,30,169328.99,834161.93,771992.01,2024,Q3,8,August,2024-08,Marketing,CC1003,Europe,21.71,-6.51,98.99
2024-08-01,20240801,3,3,789882.58,617818.39,92994.78,25,79069.42,848728.56,795477.92,2024,Q3,8,August,2024-08,Marketing,CC1003,Asia Pacific,10.01,-6.93,99.29
2024-08-01,20240801,3,4,594423.53,372229.75,61842.81,18,160350.97,556227.52,594365.66,2024,Q3,8,August,2024-08,Marketing,CC1003,Latin America,26.98,6.87,99.99
2024-08-01,20240801,4,1,562036.48,357783.76,63803.66,42,140449.06,691138.72,564805.57,2024,Q3,8,August,2024-08,Operations,CC1004,North America,24.99,-18.68,99.51
2024-08-01,20240801,4,2,455759.68,319368.29,47748.12,36,88643.27,537832.09,458264.62,2024,Q3,8,August,2024-08,Operations,CC1004,Europe,19.45,-15.26,99.45
2024-08-01,20240801,4,3,478216.71,357543.08,53612.51,33,67061.12,523671.58,476930.63,2024,Q3,8,August,2024-08,Operations,CC1004,Asia Pacific,14.02,-8.68,99.73
2024-08-01,20240801,4,4,363989.11,265573.89,35263.7,25,63151.52,367023.13,365715.66,2024,Q3,8,August,2024-08,Operations,CC1004,Latin America,17.35,-0.83,99.53
2024-08-01,20240801,5,1,295595.38,182429.31,7416.85,27,105749.22,365426.52,297833.39,2024,Q3,8,August,2024-08,Finance,CC1005,North America,35.77,-19.11,99.24
2024-08-01,20240801,5,2,232007.89,155757.25,7217.72,22,69032.92,305822.99,227772.92,2024,Q3,8,August,2024-08,Finance,CC1005,Europe,29.75,-24.14,98.17
2024-08-01,20240801,5,3,216532.57,168451.47,5220.6,18,42860.5,266962.1,220508.32,2024,Q3,8,August,2024-08,Finance,CC1005,Asia Pacific,19.79,-18.89,98.16
2024-08-01,20240801,5,4,189083.24,123345.48,4690.0,13,61047.76,212807.96,187152.67,2024,Q3,8,August,2024-08,Finance,CC1005,Latin America,32.29,-11.15,98.98
2024-08-01,20240801,6,1,262015.67,179004.58,5702.16,18,77308.93,225555.92,261051.88,2024,Q3,8,August,2024-08,HR,CC1006,North America,29.51,16.16,99.63
2024-08-01,20240801,6,2,177777.93,125053.19,4135.94,15,48588.8,245413.07,174690.49,2024,Q3,8,August,2024-08,HR,CC1006,Europe,27.33,-27.56,98.26
2024-08-01,20240801,6,3,186518.37,133244.9,4338.36,11,48935.11,201559.03,186772.3,2024,Q3,8,August,2024-08,HR,CC1006,Asia Pacific,26.24,-7.46,99.86
2024-08-01,20240801,6,4,152759.24,104182.53,3033.18,9,45543.53,130505.05,151403.61,2024,Q3,8,August,2024-08,HR,CC1006,Latin America,29.81,17.05,99.11
2024-08-01,20240801,7,1,445461.02,351479.66,32538.86,68,61442.51,518538.52,448513.4,2024,Q3,8,August,2024-08,Customer Support,CC1007,North America,13.79,-14.09,99.31
2024-08-01,20240801,7,2,352135.73,245540.19,30858.8,61,75736.74,443842.24,353914.14,2024,Q3,8,August,2024-08,Customer Support,CC1007,Europe,21.51,-20.66,99.49
2024-08-01,20240801,7,3,370548.42,231687.88,34929.69,47,103930.85,424752.35,374619.61,2024,Q3,8,August,2024-08,Customer Support,CC1007,Asia Pacific,28.05,-12.76,98.9
2024-08-01,20240801,7,4,254940.47,200566.42,22189.69,42,32184.36,314869.14,252075.54,2024,Q3,8,August,2024-08,Customer Support,CC1007,Latin America,12.62,-19.03,98.88
2024-08-01,20240801,8,1,770303.23,557362.64,170697.57,39,42243.02,768133.83,784549.69,2024,Q3,8,August,2024-08,Product,CC1008,North America,5.48,0.28,98.15
2024-08-01,20240801,8,2,729532.68,477165.24,164743.67,35,87623.78,750682.3,728418.15,2024,Q3,8,August,2024-08,Product,CC1008,Europe,12.01,-2.82,99.85
2024-08-01,20240801,8,3,555050.18,397523.45,121218.03,31,36308.69,690188.01,557919.1,2024,Q3,8,August,2024-08,Product,CC1008,Asia Pacific,6.54,-19.58,99.48
2024-08-01,20240801,8,4,484490.52,359600.67,79532.65,26,45357.2,469661.61,483681.49,2024,Q3,8,August,2024-08,Product,CC1008,Latin America,9.36,3.16,99.83
2024-09-01,20240901,1,1,1155482.28,749160.29,172144.73,93,234177.26,1218957.55,1149859.59,2024,Q3,9,September,2024-09,Engineering,CC1001,North America,20.27,-5.21,99.51
2024-09-01,20240901,1,2,1114474.7,690265.22,165570.15,79,258639.32,996206.58,1126530.54,2024,Q3,9,September,2024-09,Engineering,CC1001,Europe,23.21,11.87,98.92
2024-09-01,20240901,1,3,852086.5,596706.2,114194.49,63,141185.81,1139148.23,861632.74,2024,Q3,9,September,2024-09,Engineering,CC1001,Asia Pacific,16.57,-25.2,98.88
2024-09-01,20240901,1,4,784813.24,506691.18,137603.97,51,140518.08,775392.35,781043.76,2024,Q3,9,September,2024-09,Engineering,CC1001,Latin America,17.9,1.21,99.52
2024-09-01,20240901,2,1,1867323.68,1346366.98,95602.88,51,425353.81,1870163.63,1867692.12,2024,Q3,9,September,2024-09,Sales,CC1002,North America,22.78,-0.15,99.98
2024-09-01,20240901,2,2,1404226.74,1070788.3,71384.16,40,262054.28,1785669.76,1419176.54,2024,Q3,9,September,2024-09,Sales,CC1002,Europe,18.66,-21.36,98.94
2024-09-01,20240901,2,3,1581264.96,1248347.61,74920.89,36,257996.45,1602540.56,1582428.74,2024,Q3,9,September,2024-09,Sales,CC1002,Asia Pacific,16.32,-1.33,99.93
2024-09-01,20240901,2,4,962121.27,756994.6,42017.37,28,163109.31,1311781.56,958528.19,2024,Q3,9,September,2024-09,Sales,CC1002,Latin America,16.95,-26.66,99.63
2024-09-01,20240901,3,1,900413.53,683353.16,88468.04,32,128592.33,879233.49,892029.23,2024,Q3,9,September,2024-09,Marketing,CC1003,North America,14.28,2.41,99.07
2024-09-01,20240901,3,2,779725.97,490830.31,81455.03,29,207440.63,834161.93,786422.33,2024,Q3,9,September,2024-09,Marketing,CC1003,Europe,26.6,-6.53,99.14
2024-09-01,20240901,3,3,791736.96,619495.31,93300.68,24,78940.98,848728.56,780068.82,2024,Q3,9,September,2024-09,Marketing,CC1003,Asia Pacific,9.97,-6.71,98.53
2024-09-01,20240901,3,4,512032.58,398882.1,60871.53,21,52278.95,556227.52,504045.23,2024,Q3,9,September,2024-09,Marketing,CC1003,Latin America,10.21,-7.95,98.44
2024-09-01,20240901,4,1,705580.8,483091.14,68051.08,42,154438.58,691138.72,692769.41,2024,Q3,9,September,2024-09,Operations,CC1004,North America,21.89,2.09,98.18
2024-09-01,20240901,4,2,525223.89,350697.67,62357.14,36,112169.08,537832.09,532972.02,2024,Q3,9,September,2024-09,Operations,CC1004,Europe,21.36,-2.34,98.52
2024-09-01,20240901,4,3,489221.04,336001.79,66207.52,35,87011.72,523671.58,481780.18,2024,Q3,9,September,2024-09,Operations,CC1004,Asia Pacific,17.79,-6.58,98.48
2024-09-01,20240901,4,4,366356.35,240660.36,35997.79,26,89698.2,367023.13,371672.49,2024,Q3,9,September,2024-09,Operations,CC1004,Latin America,24.48,-0.18,98.55
2024-09-01,20240901,5,1,279584.77,213178.56,9573.19,28,56833.02,365426.52,276959.86,2024,Q3,9,September,2024-09,Finance,CC1005,North America,20.33,-23.49,99.06
2024-09-01,20240901,5,2,290611.39,193004.48,8900.86,19,88706.04,305822.99,285309.26,2024,Q3,9,September,2024-09,Finance,CC1005,Europe,30.52,-4.97,98.18
2024-09-01,20240901,5,3,248702.6,171330.22,6733.75,18,70638.63,266962.1,250393.31,2024,Q3,9,September,2024-09,Finance,CC1005,Asia Pacific,28.4,-6.84,99.32
2024-09-01,20240901,5,4,154245.86,117408.59,3848.59,14,32988.68,212807.96,153543.95,2024,Q3,9,September,2024-09,Finance,CC1005,Latin America,21.39,-27.52,99.54
2024-09-01,20240901,6,1,232220.35,155819.63,4311.33,18,72089.39,225555.92,233535.46,2024,Q3,9,September,2024-09,HR,CC1006,North America,31.04,2.95,99.43
2024-09-01,20240901,6,2,166606.61,114298.0,3831.96,13,48476.65,245413.07,163904.63,2024,Q3,9,September,2024-09,HR,CC1006,Europe,29.1,-32.11,98.38
2024-09-01,20240901,6,3,188522.1,135962.66,3876.49,11,48682.95,201559.03,185811.14,2024,Q3,9,September,2024-09,HR,CC1006,Asia Pacific,25.82,-6.47,98.56
2024-09-01,20240901,6,4,141082.96,90513.85,2826.25,10,47742.85,130505.05,139861.22,2024,Q3,9,September,2024-09,HR,CC1006,Latin America,33.84,8.11,99.13
2024-09-01,20240901,7,1,529325.17,406782.59,46112.67,63,76429.91,518538.52,520985.76,2024,Q3,9,September,2024-09,Customer Support,CC1007,North America,14.44,2.08,98.42
2024-09-01,20240901,7,2,387958.02,245244.82,36974.14,53,105739.06,443842.24,387763.54,2024,Q3,9,September,2024-09,Customer Support,CC1007,Europe,27.26,-12.59,99.95
2024-09-01,20240901,7,3,335655.97,244316.36,22867.96,51,68471.65,424752.35,332631.11,2024,Q3,9,September,2024-09,Customer Support,CC1007,Asia Pacific,20.4,-20.98,99.1
2024-09-01,20240901,7,4,303819.14,184757.63,28327.88,43,90733.63,314869.14,301359.06,2024,Q3,9,September,2024-09,Customer Support,CC1007,Latin America,29.86,-3.51,99.19
2024-09-01,20240901,8,1,845085.72,512327.06,200580.46,43,132178.21,768133.83,838435.95,2024,Q3,9,September,2024-09,Product,CC1008,North America,15.64,10.02,99.21
2024-09-01,20240901,8,2,621286.18,381023.05,148579.32,32,91683.8,750682.3,625135.84,2024,Q3,9,September,2024-09,Product,CC1008,Europe,14.76,-17.24,99.38
2024-09-01,20240901,8,3,573181.08,452688.81,102989.16,32,17503.1,690188.01,572776.55,2024,Q3,9,September,2024-09,Product,CC1008,Asia Pacific,3.05,-16.95,99.93
2024-09-01,20240901,8,4,481206.07,295269.03,84453.17,23,101483.87,469661.61,485790.05,2024,Q3,9,September,2024-09,Product,CC1008,Latin America,21.09,2.46,99.05
2024-10-01,20241001,1,1,1152875.95,823958.54,153234.08,93,175683.33,1218957.55,1173267.35,2024,Q4,10,October,2024-10,Engineering,CC1001,North America,15.24,-5.42,98.23
2024-10-01,20241001,1,2,1065419.27,714322.9,142812.49,65,208283.88,996206.58,1055553.49,2024,Q4,10,October,2024-10,Engineering,CC1001,Europe,19.55,6.95,99.07
2024-10-01,20241001,1,3,997710.12,705105.07,176237.99,63,116367.06,1139148.23,1005446.89,2024,Q4,10,October,2024-10,Engineering,CC1001,Asia Pacific,11.66,-12.42,99.22
2024-10-01,20241001,1,4,739303.01,519371.63,100594.34,50,119337.03,775392.35,738439.06,2024,Q4,10,October,2024-10,Engineering,CC1001,Latin America,16.14,-4.65,99.88
2024-10-01,20241001,2,1,2025404.86,1596278.28,94356.37,47,334770.21,1870163.63,2025104.71,2024,Q4,10,October,2024-10,Sales,CC1002,North America,16.53,8.3,99.99
2024-10-01,20241001,2,2,1610510.45,1020561.33,88915.14,47,501033.99,1785669.76,1639227.45,2024,Q4,10,October,2024-10,Sales,CC1002,Europe,31.11,-9.81,98.22
2024-10-01,20241001,2,3,1300404.34,1007907.84,70338.71,38,222157.8,1602540.56,1302516.77,2024,Q4,10,October,2024-10,Sales,CC1002,Asia Pacific,17.08,-18.85,99.84
2024-10-01,20241001,2,4,1229199.06,855555.72,58342.89,30,315300.46,1311781.56,1233089.71,2024,Q4,10,October,2024-10,Sales,CC1002,Latin America,25.65,-6.3,99.68
2024-10-01,20241001,3,1,864639.5,674575.78,92488.31,35,97575.41,879233.49,850787.85,2024,Q4,10,October,2024-10,Marketing,CC1003,North America,11.29,-1.66,98.4
2024-10-01,20241001,3,2,819490.52,511519.53,68138.92,29,239832.06,834161.93,816303.86,2024,Q4,10,October,2024-10,Marketing,CC1003,Europe,29.27,-1.76,99.61
2024-10-01,20241001,3,3,734245.08,453649.24,71397.49,24,209198.35,848728.56,748551.12,2024,Q4,10,October,2024-10,Marketing,CC1003,Asia Pacific,28.49,-13.49,98.05
2024-10-01,20241001,3,4,566463.66,417759.8,52690.6,18,96013.27,556227.52,577246.2,2024,Q4,10,October,2024-10,Marketing,CC1003,Latin America,16.95,1.84,98.1
2024-10-01,20241001,4,1,594960.51,407406.13,75675.09,39,111879.29,691138.72,602344.19,2024,Q4,10,October,2024-10,Operations,CC1004,North America,18.8,-13.92,98.76
2024-10-01,20241001,4,2,535583.94,351152.1,52999.88,33,131431.97,537832.09,544046.89,2024,Q4,10,October,2024-10,Operations,CC1004,Europe,24.54,-0.42,98.42
2024-10-01,20241001,4,3,503402.01,327201.41,49911.72,33,126288.88,523671.58,504860.02,2024,Q4,10,October,2024-10,Operations,CC1004,Asia Pacific,25.09,-3.87,99.71
2024-10-01,20241001,4,4,360216.99,242326.0,38329.64,26,79561.35,367023.13,366998.7,2024,Q4,10,October,2024-10,Operations,CC1004,Latin America,22.09,-1.85,98.12
2024-10-01,20241001,5,1,286938.95,206430.57,8347.12,25,72161.26,365426.52,284117.16,2024,Q4,10,October,2024-10,Finance,CC1005,North America,25.15,-21.48,99.02
2024-10-01,20241001,5,2,290722.29,202648.3,8873.1,20,79200.9,305822.99,287022.08,2024,Q4,10,October,2024-10,Finance,CC1005,Europe,27.24,-4.94,98.73
2024-10-01,20241001,5,3,208781.45,155087.84,5502.4,20,48191.22,266962.1,207865.96,2024,Q4,10,October,2024-10,Finance,CC1005,Asia Pacific,23.08,-21.79,99.56
2024-10-01,20241001,5,4,180734.58,125400.07,5135.12,14,50199.39,212807.96,179358.34,2024,Q4,10,October,2024-10,Finance,CC1005,Latin America,27.78,-15.07,99.24
2024-10-01,20241001,6,1,250106.86,183367.56,4574.4,17,62164.89,225555.92,247040.02,2024,Q4,10,October,2024-10,HR,CC1006,North America,24.86,10.88,98.77
2024-10-01,20241001,6,2,181402.36,109677.58,4203.81,13,67520.97,245413.07,179425.32,2024,Q4,10,October,2024-10,HR,CC1006,Europe,37.22,-26.08,98.91
2024-10-01,20241001,6,3,166975.54,104440.13,3525.54,11,59009.87,201559.03,164532.37,2024,Q4,10,October,2024-10,HR,CC1006,Asia Pacific,35.34,-17.16,98.54
2024-10-01,20241001,6,4,145103.93,96919.58,3143.47,10,45040.88,130505.05,143687.84,2024,Q4,10,October,2024-10,HR,CC1006,Latin America,31.04,11.19,99.02
2024-10-01,20241001,7,1,498367.61,310609.97,40450.07,68,147307.56,518538.52,493740.24,2024,Q4,10,October,2024-10,Customer Support,CC1007,North America,29.56,-3.89,99.07
2024-10-01,20241001,7,2,409725.12,317236.52,39319.25,59,53169.35,443842.24,408163.35,2024,Q4,10,October,2024-10,Customer Support,CC1007,Europe,12.98,-7.69,99.62
2024-10-01,20241001,7,3,328115.73,213740.89,26033.54,50,88341.3,424752.35,333546.89,2024,Q4,10,October,2024-10,Customer Support,CC1007,Asia Pacific,26.92,-22.75,98.34
2024-10-01,20241001,7,4,267140.25,180236.57,20375.62,43,66528.07,314869.14,268751.52,2024,Q4,10,October,2024-10,Customer Support,CC1007,Latin America,24.9,-15.16,99.4
2024-10-01,20241001,8,1,821873.27,548048.61,185276.81,39,88547.85,768133.83,834063.2,2024,Q4,10,October,2024-10,Product,CC1008,North America,10.77,7.0,98.52
2024-10-01,20241001,8,2,664746.1,451794.72,132798.58,37,80152.81,750682.3,651790.61,2024,Q4,10,October,2024-10,Product,CC1008,Europe,12.06,-11.45,98.05
2024-10-01,20241001,8,3,662424.41,456640.88,124163.06,30,81620.47,690188.01,660820.42,2024,Q4,10,October,2024-10,Product,CC1008,Asia Pacific,12.32,-4.02,99.76
2024-10-01,20241001,8,4,463037.84,315203.44,99225.68,24,48608.72,469661.61,471583.99,2024,Q4,10,October,2024-10,Product,CC1008,Latin America,10.5,-1.41,98.15
2024-11-01,20241101,1,1,1371177.0,1044145.23,173538.02,85,153493.75,1218957.55,1362228.57,2024,Q4,11,November,2024-11,Engineering,CC1001,North America,11.19,12.49,99.35
2024-11-01,20241101,1,2,1132729.3,874719.28,141251.68,66,116758.34,996206.58,1148601.9,2024,Q4,11,November,2024-11,Engineering,CC1001,Europe,10.31,13.7,98.6
2024-11-01,20241101,1,3,912612.18,669629.78,139239.69,70,103742.71,1139148.23,898926.25,2024,Q4,11,November,2024-11,Engineering,CC1001,Asia Pacific,11.37,-19.89,98.5
2024-11-01,20241101,1,4,690453.51,491163.54,122060.25,50,77229.72,775392.35,685673.97,2024,Q4,11,November,2024-11,Engineering,CC1001,Latin America,11.19,-10.95,99.31
2024-11-01,20241101,2,1,2061206.54,1620293.27,116949.88,57,323963.38,1870163.63,2021843.15,2024,Q4,11,November,2024-11,Sales,CC1002,North America,15.72,10.22,98.09
2024-11-01,20241101,2,2,1471092.33,1061972.07,82986.57,41,326133.69,1785669.76,1455746.55,2024,Q4,11,November,2024-11,Sales,CC1002,Europe,22.17,-17.62,98.96
2024-11-01,20241101,2,3,1626923.48,994499.88,77096.09,39,555327.51,1602540.56,1630850.79,2024,Q4,11,November,2024-11,Sales,CC1002,Asia Pacific,34.13,1.52,99.76
2024-11-01,20241101,2,4,1244986.48,835347.52,65055.13,31,344583.83,1311781.56,1247357.74,2024,Q4,11,November,2024-11,Sales,CC1002,Latin America,27.68,-5.09,99.81
2024-11-01,20241101,3,1,1040727.67,678439.79,86782.07,32,275505.82,879233.49,1029262.28,2024,Q4,11,November,2024-11,Marketing,CC1003,North America,26.47,18.37,98.9
2024-11-01,20241101,3,2,832249.42,639241.25,89925.99,30,103082.18,834161.93,827288.4,2024,Q4,11,November,2024-11,Marketing,CC1003,Europe,12.39,-0.23,99.4
2024-11-01,20241101,3,3,727556.27,493818.91,63788.44,23,169948.92,848728.56,730202.13,2024,Q4,11,November,2024-11,Marketing,CC1003,Asia Pacific,23.36,-14.28,99.64
2024-11-01,20241101,3,4,668036.49,423111.56,54690.41,21,190234.52,556227.52,661425.22,2024,Q4,11,November,2024-11,Marketing,CC1003,Latin America,28.48,20.1,99.01
2024-11-01,20241101,4,1,731599.1,541959.34,103442.5,43,86197.25,691138.72,736338.98,2024,Q4,11,November,2024-11,Operations,CC1004,North America,11.78,5.85,99.35
2024-11-01,20241101,4,2,548950.43,398602.65,64546.0,34,85801.78,537832.09,549123.84,2024,Q4,11,November,2024-11,Operations,CC1004,Europe,15.63,2.07,99.97
2024-11-01,20241101,4,3,503601.8,383805.39,66125.43,33,53670.98,523671.58,495813.84,2024,Q4,11,November,2024-11,Operations,CC1004,Asia Pacific,10.66,-3.83,98.45
2024-11-01,20241101,4,4,414063.56,289869.76,57520.38,27,66673.42,367023.13,406695.82,2024,Q4,11,November,2024-11,Operations,CC1004,Latin America,16.1,12.82,98.22
2024-11-01,20241101,5,1,364900.55,221691.49,10365.38,26,132843.68,365426.52,359764.22,2024,Q4,11,November,2024-11,Finance,CC1005,North America,36.41,-0.14,98.59
2024-11-01,20241101,5,2,297898.24,179236.71,7752.26,22,110909.26,305822.99,300452.86,2024,Q4,11,November,2024-11,Finance,CC1005,Europe,37.23,-2.59,99.14
2024-11-01,20241101,5,3,280865.74,208149.41,9004.93,19,63711.39,266962.1,275262.85,2024,Q4,11,November,2024-11,Finance,CC1005,Asia Pacific,22.68,5.21,98.01
2024-11-01,20241101,5,4,172052.76,121625.97,5523.16,15,44903.62,212807.96,173640.32,2024,Q4,11,November,2024-11,Finance,CC1005,Latin America,26.1,-19.15,99.08
2024-11-01,20241101,6,1,251297.44,154506.52,4406.78,18,92384.13,225555.92,253558.24,2024,Q4,11,November,2024-11,HR,CC1006,North America,36.76,11.41,99.1
2024-11-01,20241101,6,2,232689.07,145084.3,5566.34,13,82038.43,245413.07,228144.93,2024,Q4,11,November,2024-11,HR,CC1006,Europe,35.26,-5.18,98.05
2024-11-01,20241101,6,3,215186.99,141208.88,4592.98,12,69385.12,201559.03,215877.55,2024,Q4,11,November,2024-11,HR,CC1006,Asia Pacific,32.24,6.76,99.68
2024-11-01,20241101,6,4,163287.49,108428.81,3488.15,9,51370.53,130505.05,164102.59,2024,Q4,11,November,2024-11,HR,CC1006,Latin America,31.46,25.12,99.5
2024-11-01,20241101,7,1,474820.92,304949.77,35147.11,65,134724.04,518538.52,482454.44,2024,Q4,11,November,2024-11,Customer Support,CC1007,North America,28.37,-8.43,98.39
2024-11-01,20241101,7,2,403265.84,261742.06,31595.5,56,109928.29,443842.24,407208.48,2024,Q4,11,November,2024-11,Customer Support,CC1007,Europe,27.26,-9.14,99.02
2024-11-01,20241101,7,3,427430.14,293903.84,39132.54,53,94393.76,424752.35,421569.83,2024,Q4,11,November,2024-11,Customer Support,CC1007,Asia Pacific,22.08,0.63,98.63
2024-11-01,20241101,7,4,307926.81,216376.13,26118.17,44,65432.5,314869.14,307193.13,2024,Q4,11,November,2024-11,Customer Support,CC1007,Latin America,21.25,-2.2,99.76
2024-11-01,20241101,8,1,932358.01,699393.26,185621.66,44,47343.09,768133.83,925853.17,2024,Q4,11,November,2024-11,Product,CC1008,North America,5.08,21.38,99.3
2024-11-01,20241101,8,2,794112.42,582457.82,129843.53,35,81811.06,750682.3,798029.44,2024,Q4,11,November,2024-11,Product,CC1008,Europe,10.3,5.79,99.51
2024-11-01,20241101,8,3,541075.62,327230.01,106051.87,31,107793.75,690188.01,539740.22,2024,Q4,11,November,2024-11,Product,CC1008,Asia Pacific,19.92,-21.6,99.75
2024-11-01,20241101,8,4,450889.84,285387.82,97000.59,25,68501.43,469661.61,445481.94,2024,Q4,11,November,2024-11,Product,CC1008,Latin America,15.19,-4.0,98.8
2024-12-01,20241201,1,1,1334821.38,958884.4,165963.36,81,209973.62,1218957.55,1312035.74,2024,Q4,12,December,2024-12,Engineering,CC1001,North America,15.73,9.51,98.29
2024-12-01,20241201,1,2,1286185.55,965258.91,212476.28,76,108450.37,996206.58,1294900.0,2024,Q4,12,December,2024-12,Engineering,CC1001,Europe,8.43,29.11,99.32
2024-12-01,20241201,1,3,1051094.47,765675.69,128550.63,67,156868.15,1139148.23,1062777.5,2024,Q4,12,December,2024-12,Engineering,CC1001,Asia Pacific,14.92,-7.73,98.89
2024-12-01,20241201,1,4,823288.5,552840.42,112498.75,52,157949.32,775392.35,829637.74,2024,Q4,12,December,2024-12,Engineering,CC1001,Latin America,19.19,6.18,99.23
2024-12-01,20241201,2,1,2352379.26,1572487.48,130311.1,53,649580.69,1870163.63,2388402.33,2024,Q4,12,December,2024-12,Sales,CC1002,North America,27.61,25.78,98.47
2024-12-01,20241201,2,2,1778718.17,1251374.42,91706.34,46,435637.42,1785669.76,1811780.3,2024,Q4,12,December,2024-12,Sales,CC1002,Europe,24.49,-0.39,98.14
2024-12-01,20241201,2,3,1384496.75,845494.06,81340.58,39,457662.12,1602540.56,1390860.07,2024,Q4,12,December,2024-12,Sales,CC1002,Asia Pacific,33.06,-13.61,99.54
2024-12-01,20241201,2,4,1228289.0,759981.08,68000.27,32,400307.64,1311781.56,1219037.69,2024,Q4,12,December,2024-12,Sales,CC1002,Latin America,32.59,-6.36,99.25
2024-12-01,20241201,3,1,996877.09,765171.23,82635.42,37,149070.44,879233.49,987173.95,2024,Q4,12,December,2024-12,Marketing,CC1003,North America,14.95,13.38,99.03
2024-12-01,20241201,3,2,906603.76,713677.43,97119.84,28,95806.5,834161.93,913477.06,2024,Q4,12,December,2024-12,Marketing,CC1003,Europe,10.57,8.68,99.24
2024-12-01,20241201,3,3,756645.31,495944.44,90697.05,27,170003.81,848728.56,761025.38,2024,Q4,12,December,2024-12,Marketing,CC1003,Asia Pacific,22.47,-10.85,99.42
2024-12-01,20241201,3,4,590596.75,360164.89,47981.42,20,182450.43,556227.52,596786.97,2024,Q4,12,December,2024-12,Marketing,CC1003,Latin America,30.89,6.18,98.95
2024-12-01,20241201,4,1,713512.43,548089.58,69642.0,42,95780.85,691138.72,706008.29,2024,Q4,12,December,2024-12,Operations,CC1004,North America,13.42,3.24,98.95
2024-12-01,20241201,4,2,578698.95,355596.2,82058.54,34,141044.21,537832.09,588474.51,2024,Q4,12,December,2024-12,Operations,CC1004,Europe,24.37,7.6,98.31
2024-12-01,20241201,4,3,517434.8,412449.77,63434.82,35,41550.21,523671.58,507196.81,2024,Q4,12,December,2024-12,Operations,CC1004,Asia Pacific,8.03,-1.19,98.02
2024-12-01,20241201,4,4,442252.53,345226.8,45422.25,23,51603.48,367023.13,440918.21,2024,Q4,12,December,2024-12,Operations,CC1004,Latin America,11.67,20.5,99.7
2024-12-01,20241201,5,1,398700.58,282470.31,12092.38,24,104137.88,365426.52,390739.16,2024,Q4,12,December,2024-12,Finance,CC1005,North America,26.12,9.11,98.0
2024-12-01,20241201,5,2,321354.36,198441.11,10156.79,23,112756.46,305822.99,317609.32,2024,Q4,12,December,2024-12,Finance,CC1005,Europe,35.09,5.08,98.83
2024-12-01,20241201,5,3,277719.36,171002.84,8677.36,18,98039.16,266962.1,280340.51,2024,Q4,12,December,2024-12,Finance,CC1005,Asia Pacific,35.3,4.03,99.06
2024-12-01,20241201,5,4,193528.02,134052.64,6036.75,14,53438.63,212807.96,195398.57,2024,Q4,12,December,2024-12,Finance,CC1005,Latin America,27.61,-9.06,99.03
2024-12-01,20241201,6,1,248933.59,182337.48,4298.15,18,62297.96,225555.92,245231.33,2024,Q4,12,December,2024-12,HR,CC1006,North America,25.03,10.36,98.51
2024-12-01,20241201,6,2,215562.33,139995.06,4739.57,14,70827.7,245413.07,218853.69,2024,Q4,12,December,2024-12,HR,CC1006,Europe,32.86,-12.16,98.47
2024-12-01,20241201,6,3,221777.02,141779.44,4637.53,12,75360.05,201559.03,220814.83,2024,Q4,12,December,2024-12,HR,CC1006,Asia Pacific,33.98,10.03,99.57
2024-12-01,20241201,6,4,164227.86,120195.85,3448.39,9,40583.62,130505.05,163426.59,2024,Q4,12,December,2024-12,HR,CC1006,Latin America,24.71,25.84,99.51
2024-12-01,20241201,7,1,466163.73,346734.71,37351.11,73,82077.91,518538.52,461482.39,2024,Q4,12,December,2024-12,Customer Support,CC1007,North America,17.61,-10.1,99.0
2024-12-01,20241201,7,2,417773.18,278589.15,27081.63,56,112102.4,443842.24,422841.68,2024,Q4,12,December,2024-12,Customer Support,CC1007,Europe,26.83,-5.87,98.79
2024-12-01,20241201,7,3,444206.33,312562.97,34903.98,47,96739.38,424752.35,450944.13,2024,Q4,12,December,2024-12,Customer Support,CC1007,Asia Pacific,21.78,4.58,98.48
2024-12-01,20241201,7,4,263599.88,207967.13,20997.03,39,34635.72,314869.14,268072.83,2024,Q4,12,December,2024-12,Customer Support,CC1007,Latin America,13.14,-16.28,98.3
2024-12-01,20241201,8,1,756153.86,541621.65,154190.81,41,60341.39,768133.83,754002.98,2024,Q4,12,December,2024-12,Product,CC1008,North America,7.98,-1.56,99.72
2024-12-01,20241201,8,2,768574.21,572915.39,123015.95,39,72642.88,750682.3,758260.73,2024,Q4,12,December,2024-12,Product,CC1008,Europe,9.45,2.38,98.66
2024-12-01,20241201,8,3,608629.04,397248.94,99222.12,30,112157.98,690188.01,620469.3,2024,Q4,12,December,2024-12,Product,CC1008,Asia Pacific,18.43,-11.82,98.05
2024-12-01,20241201,8,4,485978.7,302794.0,81916.23,26,101268.48,469661.61,492871.22,2024,Q4,12,December,2024-12,Product,CC1008,Latin America,20.84,3.47,98.58
